@article{jakobi1997evolutionary,
  title={Evolutionary robotics and the radical envelope-of-noise hypothesis},
  author={Jakobi, Nick},
  journal={Adaptive behavior},
  volume={6},
  number={2},
  pages={325--368},
  year={1997},
  publisher={Sage Publications Sage CA: Thousand Oaks, CA}
}

@article{brown2010universal,
  title={Universal robotic gripper based on the jamming of granular material},
  author={Brown, Eric and Rodenberg, Nicholas and Amend, John and Mozeika, Annan and Steltz, Erik and Zakin, Mitchell R and Lipson, Hod and Jaeger, Heinrich M},
  journal={Proceedings of the National Academy of Sciences},
  volume={107},
  number={44},
  pages={18809--18814},
  year={2010},
  publisher={National Acad Sciences}
}

@article{gilmer2018adversarial,
  title={Adversarial Spheres},
  author={Gilmer, Justin and Metz, Luke and Faghri, Fartash and Schoenholz, Samuel S and Raghu, Maithra and Wattenberg, Martin and Goodfellow, Ian},
  journal={arXiv preprint arXiv:1801.02774},
  year={2018}
}

@inproceedings{goodfellow2014generative,
  title={Generative adversarial nets},
  author={Goodfellow, Ian and Pouget-Abadie, Jean and Mirza, Mehdi and Xu, Bing and Warde-Farley, David and Ozair, Sherjil and Courville, Aaron and Bengio, Yoshua},
  booktitle={Advances in neural information processing systems},
  pages={2672--2680},
  year={2014}
}

@article{velez2017diffusion,
  title={Diffusion-based neuromodulation can eliminate catastrophic forgetting in simple neural networks},
  author={Velez, Roby and Clune, Jeff},
  journal={PloS one},
  volume={12},
  number={11},
  pages={e0187736},
  year={2017},
  publisher={Public Library of Science}
}

@article{hiller2014dynamic,
  title={Dynamic simulation of soft multimaterial 3d-printed objects},
  author={Hiller, Jonathan and Lipson, Hod},
  journal={Soft Robotics},
  volume={1},
  number={1},
  pages={88--101},
  year={2014},
  publisher={Mary Ann Liebert, Inc. 140 Huguenot Street, 3rd Floor New Rochelle, NY 10801 USA}
}

@book{dawkins1986blind,
  title={The blind watchmaker: Why the evidence of evolution reveals a universe without design},
  author={Dawkins, Richard},
  year={1986},
  publisher={WW Norton \& Company}
}


@article{baldwin1896new,
  title={A new factor in evolution},
  author={Baldwin, J Mark},
  journal={The american naturalist},
  volume={30},
  number={354},
  pages={441--451},
  year={1896},
  publisher={Edwards and Docker}
}


@article{morgan1896modification,
  title={On modification and variation},
  author={Morgan, C Lloyd},
  journal={Science},
  volume={4},
  number={99},
  pages={733--740},
  year={1896},
  publisher={JSTOR}
}


@article{waddington1942canalization,
  title={Canalization of development and the inheritance of acquired characters},
  author={Waddington, Conrad H},
  journal={Nature},
  volume={150},
  pages={563--565},
  year={1942}
}




@incollection{Schmidt2011,
  title={Age-fitness pareto optimization},
  author={Schmidt, Michael and Lipson, Hod},
  booktitle={Genetic Programming Theory and Practice VIII},
  pages={129--146},
  year={2011},
  publisher={Springer}
}

@article{taha2015efficient,
  title={An efficient algorithm for calculating the exact Hausdorff distance},
  author={Taha, Abdel Aziz and Hanbury, Allan},
  journal={IEEE transactions on pattern analysis and machine intelligence},
  volume={37},
  number={11},
  pages={2153--2163},
  year={2015},
  publisher={IEEE}
}


@inproceedings{cheney2016difficulty,
  title={On the difficulty of co-optimizing morphology and control in evolved virtual creatures},
  author={Cheney, Nick and Bongard, Josh and SunSpiral, Vytas and Lipson, Hod},
  booktitle={Proceedings of the Artificial Life Conference},
  pages={226--234},
  year={2016}
}


@article{cheney2017scalable,
  title={Scalable Co-Optimization of Morphology and Control in Embodied Machines},
  author={Cheney, Nick and Bongard, Josh and SunSpiral, Vytas and Lipson, Hod},
  journal={arXiv preprint arXiv:1706.06133},
  year={2017}
}


@inproceedings{cheney2015tight,
  title={Evolving soft robots in tight spaces},
  author={Cheney, Nick and Bongard, Josh C and Lipson, Hod},
  booktitle={Proceedings of the 2015 annual conference on Genetic and Evolutionary Computation},
  pages={935--942},
  year={2015},
  organization={ACM}
}

@inproceedings{cheney2014electro,
  title={Evolved electrophysiological soft robots},
  author={Cheney, Nick and Clune, Jeff and Lipson, Hod},
  booktitle={ALIFE},
  volume={14},
  pages={222--229},
  year={2014}
}

@inproceedings{cheney2013unshackling,
  title={Unshackling evolution: evolving soft robots with multiple materials and a powerful generative encoding},
  author={Cheney, Nick and MacCurdy, Robert and Clune, Jeff and Lipson, Hod},
  booktitle={Proceedings of the 15th annual conference on Genetic and evolutionary computation},
  pages={167--174},
  year={2013},
  organization={ACM}
}

@article{lipson2014challenges,
  title={Challenges and opportunities for design, simulation, and fabrication of soft robots},
  author={Lipson, Hod},
  journal={Soft Robotics},
  volume={1},
  number={1},
  pages={21--27},
  year={2014},
  publisher={Mary Ann Liebert, Inc. 140 Huguenot Street, 3rd Floor New Rochelle, NY 10801 USA},
  doi={10.1089/soro.2013.0007},
  URL={http://online.liebertpub.com/doi/abs/10.1089/soro.2013.0007}
}


@article{hiller2012automatic,
author={Hiller, Jonathan and Lipson, Hod},
journal={IEEE Transactions on Robotics},
publisher={IEEE},
title={Automatic Design and Manufacture of Soft Robots},
year={2012},
volume={28},
number={2},
pages={457-466},
month={April},
}

@Article{stanley2007cppn,
author="Stanley, Kenneth O.",
title="Compositional pattern producing networks: A novel abstraction of development",
journal="Genetic Programming and Evolvable Machines",
year="2007",
volume="8",
number="2",
pages="131--162",
}


@article{hinton1987learning,
  title={How learning can guide evolution},
  author={Hinton, Geoffrey E and Nowlan, Steven J},
  journal={Complex systems},
  volume={1},
  number={3},
  pages={495--502},
  year={1987}
}

@article{smith1987learning,
  title={When learning guides evolution.},
  author={Smith, John Maynard},
  journal={Nature},
  volume={329},
  number={6142},
  pages={761},
  year={1987}
}


@article{dennett2003baldwin,
  title={The Baldwin effect: A crane, not a skyhook},
  author={Dennett, Daniel C},
  journal={Evolution and learning: The Baldwin effect reconsidered},
  pages={60--79},
  year={2003},
  publisher={MIT Press Cambridge, MA}
}


@article{Moczekrspb20110971,
  title={The role of developmental plasticity in evolutionary innovation},
  author={Moczek, Armin P and Sultan, Sonia and Foster, Susan and Led{\'o}n-Rettig, Cris and Dworkin, Ian and Nijhout, H Fred and Abouheif, Ehab and Pfennig, David W},
  journal={Proceedings of the Royal Society of London B: Biological Sciences},
  volume={278},
  number={1719},
  pages={2705--2713},
  year={2011},
  publisher={The Royal Society}
}


@inproceedings{kriegman2017minimal,
  title={A minimal developmental model can increase evolvability in soft robots},
  author={Kriegman, Sam and Cheney, Nick and Corucci, Francesco and Bongard, Josh C},
  booktitle={Proceedings of the Genetic and Evolutionary Computation Conference},
  pages={131--138},
  year={2017},
  organization={ACM}
}


@article{zykov2005robotics,
  title={Robotics: Self-reproducing machines},
  author={Zykov, Victor and Mytilinaios, Efstathios and Adams, Bryant and Lipson, Hod},
  journal={Nature},
  volume={435},
  number={7039},
  pages={163--164},
  year={2005},
  publisher={Nature Publishing Group}
}


@article{kriegman2017morphological,
  title={How morphological development can guide evolution},
  author={Kriegman, Sam and Cheney, Nick and Bongard, Josh},
  journal={arXiv preprint arXiv:1711.07387},
  year={2017}
}


@inproceedings{corucci2016material,
  title={Material properties affect evolutionâ€™s ability to exploit morphological computation in growing soft-bodied creatures},
  author={Corucci, Francesco and Cheney, Nick and Lipson, Hod and Laschi, Cecilia and Bongard, Josh},
   booktitle={ALIFE},
    year={2016}
}

@inproceedings{ventrella1998designing,
  title={Designing emergence in animated artificial life worlds},
  author={Ventrella, Jeffrey},
  booktitle={Virtual Worlds},
  pages={143--155},
  year={1998},
  organization={Springer}
}

@article{komosinski2003framsticks,
  title={The Framsticks system: versatile simulator of 3D agents and their evolution},
  author={Komosinski, Maciej},
  journal={Kybernetes},
  volume={32},
  number={1/2},
  pages={156--173},
  year={2003},
  publisher={MCB UP Ltd}
}



@article{corucci2017evolutionary,
  title={Evolutionary developmental soft robotics as a framework to study intelligence and adaptive behavior in animals and plants},
  author={Corucci, Francesco and Cheney, Nick and Kriegman, Sam and Bongard, Josh and Laschi, Cecilia},
  journal={Frontiers in Robotics and AI},
  volume={4},
  pages={34},
  year={2017},
  publisher={Frontiers}
}


@article{bongard2016evolving,
  title={Evolving Soft Robots},
  author={Bongard, Josh C},
  journal={Soft Robotics},
  volume={3},
  number={2},
  pages={43--44},
  year={2016},
  publisher={Mary Ann Liebert, Inc. 140 Huguenot Street, 3rd Floor New Rochelle, NY 10801 USA}
}

@article{bongard2007automated,
  title={Automated reverse engineering of nonlinear dynamical systems},
  author={Bongard, Josh and Lipson, Hod},
  journal={Proceedings of the National Academy of Sciences},
  volume={104},
  number={24},
  pages={9943--9948},
  year={2007},
  publisher={National Acad Sciences}
}

@article{crick1968origin,
  title={The origin of the genetic code},
  author={Crick, Francis HC},
  journal={Journal of molecular biology},
  volume={38},
  number={3},
  pages={367--379},
  year={1968},
  publisher={Elsevier}
}


@article{minsky1961steps,
  title={Steps toward artificial intelligence},
  author={Minsky, Marvin},
  journal={Proceedings of the IRE},
  volume={49},
  number={1},
  pages={8--30},
  year={1961},
  publisher={IEEE}
}

@book{feynman1985surely,
  title={``Surely You're Joking, Mr. Feynman!'': Adventures of a Curious Character},
  author={Feynman, Richard P},
  year={1985}
}


@article{turing1950computing,
  title={Computing machinery and intelligence},
  author={Turing, Alan M},
  journal={Mind},
  volume={59},
  number={236},
  pages={433--460},
  year={1950},
  publisher={JSTOR}
}


@inproceedings{floreano1996evolution,
  title={Evolution of Plastic Neurocontrollers for Situated Agents},
  author={Floreano, D and Mondada, F},
  booktitle={From Animals to Animats 4, Proceedings of the 4th International Conference on Simulation of Adaptive Behavior (SAB" 1996)},
  number={LIS-CONF-1996-001},
  pages={402--410},
  year={1996},
  organization={MA: MIT Press}
}

@article{husbands1998better,
  title={Better living through chemistry: Evolving GasNets for robot control},
  author={Husbands, Phil and Smith, Tom and Jakobi, Nick and O'Shea, Michael},
  journal={Connection Science},
  volume={10},
  number={3-4},
  pages={185--210},
  year={1998},
  publisher={Taylor \& Francis}
}


@article{nolfi1994learning,
  title={Learning and evolution in neural networks},
  author={Nolfi, Stefano and Parisi, Domenico and Elman, Jeffrey L},
  journal={Adaptive Behavior},
  volume={3},
  number={1},
  pages={5--28},
  year={1994},
  publisher={Sage Publications Sage CA: Thousand Oaks, CA}
}

@inproceedings{miller1989designing,
  title={Designing Neural Networks using Genetic Algorithms.},
  author={Miller, Geoffrey F and Todd, Peter M and Hegde, Shailesh U},
  booktitle={ICGA},
  volume={89},
  pages={379--384},
  year={1989}
}


@book{fisher1930genetical,
  title={The genetical theory of natural selection},
  author={Fisher, Ronald Aylmer},
  year={1930},
  publisher={Oxford University Press}
}

@book{davis1867conservative,
  title={Conservative surgery},
  author={Davis, Henry Gassett},
  year={1867},
  publisher={Appleton}
}


@article {wolff1893gesetz,
  title = {The law of bone transformation},
  author = {Wolff, Julius},
  journal = {DMW-German Medical Weekly Journal},
  volume = {19},
  number = {47},
  pages = {1222--1224},
  year = {1893},
  publisher = {{\ copyright} Georg Thieme Verlag, Stuttgart}
}

@inproceedings{smith1996evolution,
  title={Evolution--natural and artificial},
  author={Smith, John Maynard},
  year={1996},
  booktitle={The Philosophy of Artificial Life},
  organization={Oxford University Press}
}

@book{koza1992genetic,
  title={Genetic programming: on the programming of computers by means of natural selection},
  author={Koza, John R},
  volume={1},
  year={1992},
  publisher={MIT press}
}


@inproceedings{kriegman2017simulating,
  title={Simulating the evolution of soft and rigid-body robots},
  author={Kriegman, Sam and Cappelle, Collin and Corucci, Francesco and Bernatskiy, Anton and Cheney, Nick and Bongard, Josh C},
  booktitle={Proceedings of the Genetic and Evolutionary Computation Conference Companion},
  pages={1117--1120},
  year={2017},
  organization={ACM}
}


@article{auerbach2014environmental,
  title={Environmental influence on the evolution of morphological complexity in machines},
  author={Auerbach, Joshua E and Bongard, Josh C},
  journal={PLoS computational biology},
  volume={10},
  number={1},
  pages={e1003399},
  year={2014},
  publisher={Public Library of Science}
}

@article{lipson2000automatic,
  title={Automatic design and manufacture of robotic lifeforms},
  author={Lipson, Hod and Pollack, Jordan B},
  journal={Nature},
  volume={406},
  number={6799},
  pages={974--978},
  year={2000},
  publisher={Nature Publishing Group}
}


@article{bongard2011morphological,
  title={Morphological change in machines accelerates the evolution of robust behavior},
  author={Bongard, Josh C},
  journal={Proceedings of the National Academy of Sciences},
  volume={108},
  number={4},
  pages={1234--1239},
  year={2011},
  publisher={National Acad Sciences}
}

@article{french1994dynamically,
  title={Dynamically constraining connectionist networks to produce distributed, orthogonal representations to reduce catastrophic interference},
  author={French, Robert M},
  journal={network},
  volume={1111},
  pages={00001},
  year={1994},
  publisher={Citeseer}
}


@article{stearns1994fitness,
  title={Fitness sensitivity and the canalization of life-history traits},
  author={Stearns, Stephen C and Kawecki, Tadeusz J},
  journal={Evolution},
  volume={48},
  number={5},
  pages={1438--1450},
  year={1994},
  publisher={Wiley Online Library}
}

@article{stearns1995differential,
  title={The differential genetic and environmental canalization of fitness components in Drosophila melanogaster},
  author={Stearns, Stephen C and Kaiser, Marcel and Kawecki, Tadeusz J},
  journal={Journal of Evolutionary Biology},
  volume={8},
  number={5},
  pages={539--557},
  year={1995},
  publisher={Wiley Online Library}
}

@article{sultan2000phenotypic,
  title={Phenotypic plasticity for plant development, function and life history},
  author={Sultan, Sonia E},
  journal={Trends in plant science},
  volume={5},
  number={12},
  pages={537--542},
  year={2000},
  publisher={Elsevier}
}


@article{bongard2003evolving,
  title={Evolving complete agents using artificial ontogeny},
  author={Bongard, Josh C and Pfeifer, Rolf},
  journal={Morpho-functional machines: The new species (designing embodied intelligence)},
  pages={237--258},
  year={2003}
}


@article{bongard2006resilient,
  title={Resilient machines through continuous self-modeling},
  author={Bongard, Josh and Zykov, Victor and Lipson, Hod},
  journal={Science},
  volume={314},
  number={5802},
  pages={1118--1121},
  year={2006},
  publisher={American Association for the Advancement of Science}
}


@inproceedings{clune2010investigating,
  title={Investigating whether HyperNEAT produces modular neural networks},
  author={Clune, Jeff and Beckmann, Benjamin E and McKinley, Philip K and Ofria, Charles},
  booktitle={Proceedings of the 12th annual conference on Genetic and evolutionary computation},
  pages={635--642},
  year={2010},
  organization={ACM}
}

@inproceedings{verbancsics2011constraining,
  title={Constraining connectivity to encourage modularity in HyperNEAT},
  author={Verbancsics, Phillip and Stanley, Kenneth O},
  booktitle={Proceedings of the 13th annual conference on Genetic and evolutionary computation},
  pages={1483--1490},
  year={2011},
  organization={ACM}
}

@article{watson2016can,
  title={How can evolution learn?},
  author={Watson, Richard A and Szathm{\'a}ry, E{\"o}rs},
  journal={Trends in ecology \& evolution},
  volume={31},
  number={2},
  pages={147--157},
  year={2016},
  publisher={Elsevier}
}

@article{mccloskey1989catastrophic,
  title={Catastrophic interference in connectionist networks: The sequential learning problem},
  author={McCloskey, Michael and Cohen, Neal J},
  journal={Psychology of learning and motivation},
  volume={24},
  pages={109--165},
  year={1989},
  publisher={Elsevier}
}

@article{french1999catastrophic,
  title={Catastrophic forgetting in connectionist networks},
  author={French, Robert M},
  journal={Trends in cognitive sciences},
  volume={3},
  number={4},
  pages={128--135},
  year={1999},
  publisher={Elsevier}
}

@inproceedings{dellaert1994toward,
  title={Toward an evolvable model of development for autonomous agent synthesis},
  author={Dellaert, Frank and Beer, Randall D},
  booktitle={Artificial Life IV, Proceedings of the Fourth International Workshop on the Synthesis and Simulation of Living Systems},
  pages={246--257},
  year={1994},
  organization={MIT Press}
}

@inproceedings{dellaert1996developmental,
  title={A Developmental Model for the Evolution of Complete Autonomous Agents},
  author={Dellaert, Frank and Beer, Randall D},
  booktitle={Proceedings of the fourth international conference on simulation of adaptive behavior},
  year={1996}
}

@incollection{doursat2009organically,
  title={Organically grown architectures: Creating decentralized, autonomous systems by embryomorphic engineering},
  author={Doursat, Ren{\'e}},
  booktitle={Organic computing},
  pages={167--199},
  year={2009},
  publisher={Springer}
}

@inproceedings{miller2004evolving,
  title={Evolving a self-repairing, self-regulating, French flag organism},
  author={Miller, Julian Francis},
  booktitle={Genetic and Evolutionary Computation Conference},
  pages={129--139},
  year={2004},
  organization={Springer}
}


@Article{Bongard01,
author = {Josh C Bongard and Rolf Pfeifer},
TITLE = {Repeated Structure and Dissociation of Genotypic and Phenotypic Complexity in {A}rtificial {O}ntogeny},
editor = {Lee Spector and E.~D. Goodman},
journal = {Proceedings of The Genetic and Evolutionary Computation Conference (GECCO 2001)},
pages = {829-836},
year = 2001}

@Article{Eggenberger97,
  author = {Peter Eggenberger},
  TITLE = {Evolving morphologies of simulated 3{D} organisms based on differential gene expression},
  editor = {Phil Husbands and Inman Harvey},
  journal = {Procs. of the Fourth European Conf. on Artificial Life},
  pages = {205-213},
  year = 1997}


@book{merleau2012phenomenology,
  title={Phenomenology of perception, trans. Donald A. Landes, 2012},
  author={Merleau-Ponty, Maurice},
  year={1945},
  publisher={Routledge}
}


@book{waddington1957strategy,
  title={The strategy of the genes},
  author={Waddington, Conrad H},
  year={1957},
  publisher={George Allen \& Unwin Ltd, London}
}

@inproceedings{sims1994evolving,
  title={Evolving virtual creatures},
  author={Sims, Karl},
  booktitle={Proceedings of the 21st annual conference on Computer graphics and interactive techniques},
  pages={15--22},
  year={1994},
  organization={ACM}
}

@article{yim2007modular,
  title={Modular self-reconfigurable robot systems [grand challenges of robotics]},
  author={Yim, Mark and Shen, Wei-Min and Salemi, Behnam and Rus, Daniela and Moll, Mark and Lipson, Hod and Klavins, Eric and Chirikjian, Gregory S},
  journal={IEEE Robotics \& Automation Magazine},
  volume={14},
  number={1},
  pages={43--52},
  year={2007},
  publisher={IEEE}
}

@book{lewontin2001triple,
  title={The triple helix: Gene, organism, and environment},
  author={Lewontin, Richard C},
  year={2001},
  publisher={Harvard University Press}
}


@article{carlson2005ugvs,
  title={How UGVs physically fail in the field},
  author={Carlson, Jennifer and Murphy, Robin R},
  journal={IEEE Transactions on robotics},
  volume={21},
  number={3},
  pages={423--437},
  year={2005},
  publisher={IEEE}
}

@article{szegedy2013intriguing,
  title={Intriguing properties of neural networks},
  author={Szegedy, Christian and Zaremba, Wojciech and Sutskever, Ilya and Bruna, Joan and Erhan, Dumitru and Goodfellow, Ian and Fergus, Rob},
  journal={arXiv preprint arXiv:1312.6199},
  year={2013}
}

@article{su2017one,
  title={One pixel attack for fooling deep neural networks},
  author={Su, Jiawei and Vargas, Danilo Vasconcellos and Kouichi, Sakurai},
  journal={arXiv preprint arXiv:1710.08864},
  year={2017}
}

@inproceedings{nguyen2015deep,
  title={Deep neural networks are easily fooled: High confidence predictions for unrecognizable images},
  author={Nguyen, Anh and Yosinski, Jason and Clune, Jeff},
  booktitle={Proceedings of the IEEE Conference on Computer Vision and Pattern Recognition},
  pages={427--436},
  year={2015}
}

@article{brown2017adversarial,
  title={Adversarial patch},
  author={Brown, Tom B and Man{\'e}, Dandelion and Roy, Aurko and Abadi, Mart{\'\i}n and Gilmer, Justin},
  journal={arXiv preprint arXiv:1712.09665},
  year={2017}
}

@article{goodfellow2013empirical,
  title={An empirical investigation of catastrophic forgetting in gradient-based neural networks},
  author={Goodfellow, Ian and Mirza, Mehdi and Xiao, Da and Courville, Aaron and Bengio, Yoshua},
  journal={arXiv preprint arXiv:1312.6211},
  year={2013}
}

@article{athalye2017synthesizing,
  title={Synthesizing robust adversarial examples},
  author={Athalye, Anish and Sutskever, Ilya},
  journal={arXiv preprint arXiv:1707.07397},
  year={2017}
}


@article{lehman2017safe,
  title={Safe Mutations for Deep and Recurrent Neural Networks through Output Gradients},
  author={Lehman, Joel and Chen, Jay and Clune, Jeff and Stanley, Kenneth O},
  journal={arXiv preprint arXiv:1712.06563},
  year={2017}
}

@article{yuen2016fabric,
  title={Active variable stiffness fibers for multifunctional robotic fabrics},
  author={Yuen, Michelle C and Bilodeau, R Adam and Kramer, Rebecca K},
  journal={IEEE Robotics and Automation Letters},
  volume={1},
  number={2},
  pages={708--715},
  year={2016},
  publisher={IEEE}
}


@article{felton2014folding,
  title={A method for building self-folding machines},
  author={Felton, S and Tolley, M and Demaine, E and Rus, D and Wood, R},
  journal={Science},
  volume={345},
  number={6197},
  pages={644--646},
  year={2014},
  publisher={American Association for the Advancement of Science}
}


@article{sims1994comp,
  title={Evolving 3D morphology and behavior by competition},
  author={Sims, Karl},
  journal={Artificial life},
  volume={1},
  number={4},
  pages={353--372},
  year={1994},
  publisher={MIT Press}
}

@article{shepherd2011multigait,
  title={Multigait soft robot},
  author={Shepherd, Robert F and Ilievski, Filip and Choi, Wonjae and Morin, Stephen A and Stokes, Adam A and Mazzeo, Aaron D and Chen, Xin and Wang, Michael and Whitesides, George M},
  journal={Proceedings of the National Academy of Sciences},
  volume={108},
  number={51},
  pages={20400--20403},
  year={2011},
  publisher={National Acad Sciences}
}


@article{koos2013transferability,
  title={The transferability approach: Crossing the reality gap in evolutionary robotics},
  author={Koos, Sylvain and Mouret, Jean-Baptiste and Doncieux, St{\'e}phane},
  journal={IEEE Transactions on Evolutionary Computation},
  volume={17},
  number={1},
  pages={122--145},
  year={2013},
  publisher={IEEE}
}


@article{cully2015robots,
  title={Robots that can adapt like animals},
  author={Cully, Antoine and Clune, Jeff and Tarapore, Danesh and Mouret, Jean-Baptiste},
  journal={Nature},
  volume={521},
  pages={503--507},
  year={2015}
}

@book{thrun2005probabilistic,
  title={Probabilistic Robotics},
  author={Thrun, Sebastian and Burgard, Wolfram and Fox, Dieter},
  year={2005},
  publisher={MIT Press}
}

@article{rus2015design,
  title={Design, fabrication and control of soft robots},
  author={Rus, Daniela and Tolley, Michael T},
  journal={Nature},
  volume={521},
  number={7553},
  pages={467--475},
  year={2015},
  publisher={Nature Research}
}


@article{merleau1961eye,
  title={Eye and mind},
  author={Merleau-Ponty, Maurice},
  journal={Images: A Reader},
  pages={131--134},
  year={1961}
}


@article{egbert2016adapting,
  title={Adapting to Adaptations: Behavioural Strategies that are Robust to Mutations and Other Organisational-Transformations},
  author={Egbert, Matthew D and P{\'e}rez-Mercader, Juan},
  journal={Scientific Reports},
  volume={6},
  pages={18963},
  year={2016},
  publisher={Nature Publishing Group}
}

@article{zoph2016neural,
  title={Neural architecture search with reinforcement learning},
  author={Zoph, Barret and Le, Quoc V},
  journal={arXiv preprint arXiv:1611.01578},
  year={2016}
}

@article{miikkulainen2017evolving,
  title={Evolving Deep Neural Networks},
  author={Miikkulainen, Risto and Liang, Jason and Meyerson, Elliot and Rawal, Aditya and Fink, Dan and Francon, Olivier and Raju, Bala and Navruzyan, Arshak and Duffy, Nigel and Hodjat, Babak},
  journal={arXiv preprint arXiv:1703.00548},
  year={2017}
}


@article{majidi2014soft,
  title={Soft robotics: a perspective---current trends and prospects for the future},
  author={Majidi, Carmel},
  journal={Soft Robotics},
  volume={1},
  number={1},
  pages={5--11},
  year={2014},
  publisher={Mary Ann Liebert, Inc. 140 Huguenot Street, 3rd Floor New Rochelle, NY 10801 USA}
}



@inproceedings{brooks1992artificial,
  title={Artificial life and real robots},
  author={Brooks, Rodney A},
  booktitle={Proc. First European Conference on Artificial Life},
  pages={3--11},
  year={1992}
}

@article{ruff2006s,
  title={Who's afraid of the big bad Wolff?: ``Wolff's law'' and bone functional adaptation},
  author={Ruff, Christopher and Holt, Brigitte and Trinkaus, Erik},
  journal={American journal of physical anthropology},
  volume={129},
  number={4},
  pages={484--498},
  year={2006},
  publisher={Wiley Online Library}
}

