
@article{fields2020scale,
  title={Scale-Free Biology: Integrating Evolutionary and Developmental Thinking},
  author={Fields, Chris and Levin, Michael},
  journal={BioEssays},
  volume={42},
  number={8},
  pages={1900228},
  year={2020},
  publisher={Wiley Online Library}
}

@article{pesic2010shapes,
  title={Shapes of Proteus in Renaissance art},
  author={Pesic, Peter},
  journal={Huntington Library Quarterly},
  volume={73},
  number={1},
  pages={57--82},
  year={2010},
  publisher={JSTOR}
}


@article{fields2020does,
  title={Does Evolution Have a Target Morphology?},
  author={Fields, Chris and Levin, Michael},
  journal={Organisms. Journal of Biological Sciences},
  volume={4},
  number={1},
  pages={57--76},
  year={2020}
}


@article{hooker2020hardware,
  Title={The Hardware Lottery},
  author={Sara Hooker},
  journal={arXiv Preprint arXiv:2009.06489},
  year={2020}
}

@article{shah2020shape,
author = {Shah, Dylan and Yang, Bilige and Kriegman, Sam and Levin, Michael and Bongard, Josh and Kramer-Bottiglio, Rebecca},
Title = {Shape changing robots: bioinspiration, simulation, and physical realization},
journal = {Advanced Materials},
year = {2020},
pages = {2002882},
}


@article{funes1998evolutionary,
  title={Evolutionary Body Building: Adaptive Physical Designs for Robots},
  author={Funes, Pablo and Pollack, Jordan},
  journal={Artificial Life},
  volume={4},
  number={4},
  pages={337--357},
  year={1998},
  publisher={MIT Press}
}

@article{faina2013edhmor,
  title={EDHMoR: Evolutionary Designer of Heterogeneous Modular Robots},
  author={Fa{\'\i}{\~n}a, Andr{\'e}s and Bellas, Francisco and L{\'o}pez-Pe{\~n}a, Fernando and Duro, Richard J},
  journal={Engineering Applications of Artificial Intelligence},
  volume={26},
  number={10},
  pages={2408--2423},
  year={2013},
  publisher={Elsevier}
}

@article{paul2006design,
  title={Design and Control of Tensegrity Robots for Locomotion},
  author={Paul, Chandana and Valero-Cuevas, Francisco J and Lipson, Hod},
  journal={IEEE Transactions on Robotics},
  volume={22},
  number={5},
  pages={944--957},
  year={2006},
  publisher={IEEE}
}

@article{hornby2003generative,
  title={Generative Representations for the Automated Design of Modular Physical Robots},
  author={Hornby, Gregory S and Lipson, Hod and Pollack, Jordan B},
  journal={IEEE Transactions on Robotics and Automation},
  volume={19},
  number={4},
  pages={703--719},
  year={2003},
  publisher={IEEE}
}

@inproceedings{socher2013zero,
  title={Zero-Shot Learning Through Cross-Modal Transfer},
  author={Socher, Richard and Ganjoo, Milind and Manning, Christopher D and Ng, Andrew},
  Booktitle={Advances in Neural Information Processing Systems (NIPS)},
  pages={935--943},
  year={2013}
}

@article{rajbhandari2019zero,
  title={Zero: Memory Optimization Towards Training a Trillion Parameter Models},
  author={Rajbhandari, Samyam and Rasley, Jeff and Ruwase, Olatunji and He, Yuxiong},
  journal={arXiv Preprint arXiv:1910.02054},
  year={2019}
}

@misc{polycubes,
  title={The Online Encyclopedia of Integer Sequences (Nos. A000162 and A001931).},
  note={\href{https://oeis.org/A000162}{\small\tt\color{blue}https://oeis.org/A000162}}
}

@article{lecun2015deep,
  title={Deep Learning},
  author={LeCun, Yann and Bengio, Yoshua and Hinton, Geoffrey},
  journal={Nature},
  volume={521},
  number={7553},
  pages={436--444},
  year={2015}
}

@article{blackiston2013ectopic,
  title={Ectopic Eyes Outside the Head in Xenopus Tadpoles Provide Sensory Data for Light-Mediated Learning},
  author={Blackiston, Douglas J and Levin, Michael},
  journal={Journal of Experimental Biology},
  volume={216},
  number={6},
  pages={1031--1040},
  year={2013},
  publisher={The Company of Biologists Ltd}
}

@article{vandenberg2012normalized,
  title={Normalized Shape and Location of Perturbed Craniofacial Structures in the Xenopus Tadpole Reveal an Innate Ability to Achieve Correct Morphology},
  author={Vandenberg, Laura N and Adams, Dany S and Levin, Michael},
  journal={Developmental Dynamics},
  volume={241},
  number={5},
  pages={863--878},
  year={2012},
  publisher={Wiley Online Library}
}

@article{kamm2018perspective,
  title={Perspective: The Promise of Multi-Cellular Engineered Living Systems},
  author={Kamm, Roger D and Bashir, Rashid and Arora, Natasha and Dar, Roy D and Gillette, Martha U and Griffith, Linda G and Kemp, Melissa L and Kinlaw, Kathy and Levin, Michael and Martin, Adam C and others},
  journal={APL Bioengineering},
  volume={2},
  number={4},
  pages={040901},
  year={2018},
  publisher={AIP Publishing LLC}
}

@article{hutchison2016design,
  title={Design and Synthesis of a Minimal Bacterial Genome},
  author={Hutchison, Clyde A and Chuang, Ray-Yuan and Noskov, Vladimir N and Assad-Garcia, Nacyra and Deerinck, Thomas J and Ellisman, Mark H and Gill, John and Kannan, Krishna and Karas, Bogumil J and Ma, Li and others},
  journal={Science},
  volume={351},
  number={6280},
  year={2016},
  publisher={American Association for the Advancement of Science}
}

@article{sasai2012vitro,
  title={In Vitro Organogenesis in Three Dimensions: Self-Organising Stem Cells},
  author={Sasai, Yoshiki and Eiraku, Mototsugu and Suga, Hidetaka},
  journal={Development},
  volume={139},
  number={22},
  pages={4111--4121},
  year={2012},
  publisher={Oxford University Press for The Company of Biologists Limited}
}

@article{tang2014bioengineered,
  title={Bioengineered Functional Brain-Like Cortical Tissue},
  author={Tang-Schomer, Min D and White, James D and Tien, Lee W and Schmitt, L Ian and Valentin, Thomas M and Graziano, Daniel J and Hopkins, Amy M and Omenetto, Fiorenzo G and Haydon, Philip G and Kaplan, David L},
  journal={Proceedings of the National Academy of Sciences},
  volume={111},
  number={38},
  pages={13811--13816},
  year={2014},
  publisher={National Acad Sciences}
}

@article{munk2015topology,
  title={Topology and Shape Optimization Methods Using Evolutionary Algorithms: A Review},
  author={Munk, David J and Vio, Gareth A and Steven, Grant P},
  journal={Structural and Multidisciplinary Optimization},
  volume={52},
  number={3},
  pages={613--631},
  year={2015},
  publisher={Springer}
}

@article{devi2015evolutionary,
  title={Evolutionary Algorithms for De Novo Drug Design--A Survey},
  author={Devi, R Vasundhara and Sathya, S Siva and Coumar, Mohane Selvaraj},
  journal={Applied Soft Computing},
  volume={27},
  pages={543--552},
  year={2015},
  publisher={Elsevier}
}

@article{huntington2014subwavelength,
  title={Subwavelength Lattice Optics by Evolutionary Design},
  author={Huntington, Mark D and Lauhon, Lincoln J and Odom, Teri W},
  journal={Nano Letters},
  volume={14},
  number={12},
  pages={7195--7200},
  year={2014},
  publisher={ACS Publications}
}

@article{mueller2015combining,
  title={Combining Structural Performance and Designer Preferences in Evolutionary Design Space Exploration},
  author={Mueller, Caitlin T and Ochsendorf, John A},
  journal={Automation in Construction},
  volume={52},
  pages={70--82},
  year={2015},
  publisher={Elsevier}
}

@article{deblandre1999two,
  title={A Two-Step Mechanism Generates the Spacing Pattern of the Ciliated Cells in the Skin of Xenopus Embryos},
  author={Deblandre, Gis{\`e}le A and Wettstein, Daniel A and Koyano-Nakagawa, Naoko and Kintner, Chris},
  journal={Development},
  volume={126},
  number={21},
  pages={4715--4728},
  year={1999},
  publisher={The Company of Biologists Ltd}
}

@article{werfel2014designing,
  title={Designing Collective Behavior in a Termite-Inspired Robot Construction Team},
  author={Werfel, Justin and Petersen, Kirstin and Nagpal, Radhika},
  journal={Science},
  volume={343},
  number={6172},
  pages={754--758},
  year={2014},
  publisher={American Association for the Advancement of Science}
}

@article{cooke1981scale,
  Title={Scale of Body Pattern Adjusts to Available Cell Number in Amphibian Embryos},
  author={Cooke, Jonathan},
  journal={Nature},
  volume={290},
  number={5809},
  pages={775--778},
  year={1981},
  publisher={Springer}
}

@inproceedings{zeiler2014visualizing,
  title={Visualizing and Understanding Convolutional Networks},
  author={Zeiler, Matthew D and Fergus, Rob},
  Booktitle={European Conference on Computer Vision},
  pages={818--833},
  year={2014},
  organization={Springer}
}

@article{toda2018programming,
  title={Programming Self-Organizing Multicellular Structures With Synthetic Cell-Cell Signaling},
  author={Toda, Satoshi and Blauch, Lucas R and Tang, Sindy KY and Morsut, Leonardo and Lim, Wendell A},
  journal={Science},
  volume={361},
  number={6398},
  pages={156--162},
  year={2018},
  publisher={American Association for the Advancement of Science}
}

@article{patra2013intelligent,
  title={Intelligent, Self-Powered, Drug Delivery Systems},
  author={Patra, Debabrata and Sengupta, Samudra and Duan, Wentao and Zhang, Hua and Pavlick, Ryan and Sen, Ayusman},
  journal={Nanoscale},
  volume={5},
  number={4},
  pages={1273--1283},
  year={2013},
  publisher={Royal Society of Chemistry}
}

@article{li2017micro,
  title={Micro/Nanorobots for Biomedicine: Delivery, Surgery, Sensing, and Detoxification},
  author={Li, Jinxing and de {\'A}vila, Berta Esteban-Fern{\'a}ndez and Gao, Wei and Zhang, Liangfang and Wang, Joseph},
  journal={Science Robotics},
  volume={2},
  number={4},
  year={2017},
  publisher={NIH Public Access}
}

@article{baluvska2016having,
  title={On Having No Head: Cognition Throughout Biological Systems},
  author={Balu{\v{s}}ka, Franti{\v{s}}ek and Levin, Michael},
  journal={Frontiers in Psychology},
  volume={7},
  pages={902},
  year={2016},
  publisher={Frontiers}
}

@article{piquereau2018maturation,
  title={Maturation of Cardiac Energy Metabolism During Perinatal Development},
  author={Piquereau, J{\'e}r{\^o}me and Ventura-Clapier, Ren{\'e}e},
  journal={Frontiers in Physiology},
  volume={9},
  pages={959},
  year={2018},
  publisher={Frontiers}
}

@article{nieuwkoop1956normal,
  title={Normal Table of Xenopus Laevis (Daudin)},
  author={Nieuwkoop, Pieter D},
  journal={Normal Table of Xenopus Laevis (Daudin)},
  pages={162--203},
  year={1956},
  publisher={North-Holland}
}

@book{sive2000early,
  Title={Early Development of Xenopus Laevis: A Laboratory Manual},
  author={Sive, Hazel L and Grainger, Robert M and Harland, Richard M},
  year={2000},
  publisher={CSHL Press}
}

@article{waldner2009red,
  title={Red Fluorescent Xenopus Laevis: A New Tool for Grafting Analysis},
  author={Waldner, Christoph and Roose, Magdalena and Ryffel, Gerhart U},
  journal={BMC Developmental Biology},
  volume={9},
  number={1},
  pages={1--6},
  year={2009},
  publisher={BioMed Central}
}

@article{beck1999developmental,
  title={A Developmental Pathway Controlling Outgrowth of the Xenopus Tail Bud},
  author={Beck, CW and Slack, JM},
  journal={Development},
  volume={126},
  number={8},
  pages={1611--1620},
  year={1999},
  publisher={The Company of Biologists Ltd}
}

@inproceedings{clune2009evolving,
  title={Evolving Coordinated Quadruped Gaits With the Hyperneat Generative Encoding},
  author={Clune, Jeff and Beckmann, Benjamin E and Ofria, Charles and Pennock, Robert T},
  Booktitle={The IEEE Congress on Evolutionary Computation},
  pages={2764--2771},
  year={2009}
}

@article{elsken2018neural,
  title={Neural Architecture Search: A Survey},
  author={Elsken, Thomas and Metzen, Jan Hendrik and Hutter, Frank},
  journal={arXiv Preprint arXiv:1808.05377},
  year={2018}
}

@article{stanley2002evolving,
  title={Evolving Neural Networks Through Augmenting Topologies},
  author={Stanley, Kenneth O and Miikkulainen, Risto},
  journal={Evolutionary Computation},
  volume={10},
  number={2},
  pages={99--127},
  year={2002},
  publisher={MIT Press}
}

@article{stanley2009hypercube,
  title={A Hypercube-Based Encoding for Evolving Large-Scale Neural Networks},
  author={Stanley, Kenneth O and D'Ambrosio, David B and Gauci, Jason},
  journal={Artificial Life},
  volume={15},
  number={2},
  pages={185--212},
  year={2009},
  publisher={MIT Press}
}

@article{sehnke2010parameter,
  title={Parameter-Exploring Policy Gradients},
  author={Sehnke, Frank and Osendorfer, Christian and R{\"u}ckstie{\ss}, Thomas and Graves, Alex and Peters, Jan and Schmidhuber, J{\"u}rgen},
  journal={Neural Networks},
  volume={23},
  number={4},
  pages={551--559},
  year={2010},
  publisher={Elsevier}
}

@article{kingma2014adam,
  title={Adam: A Method for Stochastic Optimization},
  author={Kingma, Diederik P and Ba, Jimmy},
  journal={arXiv Preprint arXiv:1412.6980},
  year={2014}
}

@misc{ha2017evolving,
  title={Evolving Stable Strategies},
  author={Ha, David},
  note={\href{https://blog.otoro.net/2017/11/12/evolving-stable-strategies/}{\small\tt\color{blue}blog.otoro.net/2017/11/12/ \\ evolving-stable-strategies}},
  year={2017}
}

@article{benjamini1995controlling,
  title={Controlling the False Discovery Rate: A Practical and Powerful Approach to Multiple Testing},
  author={Benjamini, Yoav and Hochberg, Yosef},
  journal={Journal of the Royal Statistical Society: Series B (Methodological)},
  volume={57},
  number={1},
  pages={289--300},
  year={1995},
  publisher={Wiley Online Library}
}

@article{chaumont2007evolving,
  title={Evolving Virtual Creatures and Catapults},
  author={Chaumont, Nicolas and Egli, Richard and Adami, Christoph},
  journal={Artificial Life},
  volume={13},
  number={2},
  pages={139--157},
  year={2007},
  publisher={MIT Press}
}


@article{bongard2010utility,
  title={The Utility of Evolving Simulated Robot Morphology Increases With Task Complexity for Object Manipulation},
  author={Bongard, Josh},
  journal={Artificial Life},
  volume={16},
  number={3},
  pages={201--223},
  year={2010},
  publisher={MIT Press}
}

@article{kotikian2019untethered,
  title={Untethered Soft Robotic Matter With Passive Control of Shape Morphing and Propulsion},
  author={Kotikian, Arda and McMahan, Connor and Davidson, Emily C and Muhammad, Jalilah M and Weeks, Robert D and Daraio, Chiara and Lewis, Jennifer A},
  journal={Science Robotics},
  volume={4},
  number={33},
  pages={eaax7044},
  year={2019},
  publisher={Science Robotics}
}

@inproceedings{klyubin2005empowerment,
  title={Empowerment: A Universal Agent-Centric Measure of Control},
  author={Klyubin, Alexander S and Polani, Daniel and Nehaniv, Chrystopher L},
  Booktitle={2005 IEEE Congress on Evolutionary Computation},
  volume={1},
  pages={128--135},
  year={2005}
}

@MISC{liu_voxcraft_2020,
	title = {Voxcraft-Sim, a {GPU}-accelerated Voxel-Based Physics Engine},
	howpublished = {\href{https://github.com/voxcraft/voxcraft-sim}{\footnotesize\tt\color{blue}github.com/voxcraft/voxcraft-sim}},
	author = {Sida Liu and David Matthews and Sam Kriegman and Josh Bongard},
	year = {2020},
	note = {\href{https://doi.org/10.5281/zenodo.3835152}{\color{black}10.5281/zenodo.3835152}},
	ndoi =  {10.5281/zenodo.3835152},
}

@article{sorensen2015metaheuristics,
  title={Metaheuristics—the Metaphor Exposed},
  author={S{\"o}rensen, Kenneth},
  journal={International Transactions in Operational Research},
  volume={22},
  number={1},
  pages={3--18},
  year={2015},
  publisher={Wiley Online Library}
}

@article{ball2020living,
  title={Living Robots},
  author={Ball, Philip},
  journal={Nature Materials},
  volume={19},
  number={3},
  pages={265--265},
  year={2020},
  publisher={Nature Publishing Group}
}


@article{mordvintsev2020growing,
  title={Growing Neural Cellular Automata},
  author={Mordvintsev, Alexander and Randazzo, Ettore and Niklasson, Eyvind and Levin, Michael},
  journal={Distill},
  volume={5},
  number={2},
  pages={e23},
  year={2020}
}

@article{tinbergen1963aims,
  title={On Aims and Methods of Ethology},
  author={Tinbergen, Niko},
  journal={Zeitschrift f{\"u}r Tierpsychologie},
  volume={20},
  number={4},
  pages={410--433},
  year={1963},
  publisher={Wiley Online Library}
}

@article{xi2005self,
  title={Self-Assembled Microdevices Driven by Muscle},
  author={Xi, Jianzhong and Schmidt, Jacob J and Montemagno, Carlo D},
  journal={Nature Materials},
  volume={4},
  number={2},
  pages={180--184},
  year={2005},
  publisher={Nature Publishing Group}
}

@article{feinberg2007muscular,
  title={Muscular Thin Films for Building Actuators and Powering Devices},
  author={Feinberg, Adam W and Feigel, Alex and Shevkoplyas, Sergey S and Sheehy, Sean and Whitesides, George M and Parker, Kevin Kit},
  journal={Science},
  volume={317},
  number={5843},
  pages={1366--1370},
  year={2007},
  publisher={American Association for the Advancement of Science}
}

@article{herr2004swimming,
  title={A Swimming Robot Actuated by Living Muscle Tissue},
  author={Herr, Hugh and Dennis, Robert G},
  journal={Journal of Neuroengineering and Rehabilitation},
  volume={1},
  number={1},
  pages={1--9},
  year={2004},
  publisher={BioMed Central}
}


@article{nasa1970radiation,
  title={Nuclear and Space Radiation Effects on Materials},
  author={NASA},
  journal={Space Vehicle Design Criteria},
  volume={SP-8053},
  year={1970}
}

@article{chen2020classification,
  title={Classification With a Disordered Dopant-Atom Network in Silicon},
  author={Chen, Tao and van Gelder, Jeroen and van de Ven, Bram and Amitonov, Sergey V and de Wilde, Bram and Euler, Hans-Christian Ruiz and Broersma, Hajo and Bobbert, Peter A and Zwanenburg, Floris A and van der Wiel, Wilfred G},
  journal={Nature},
  volume={577},
  number={7790},
  pages={341--345},
  year={2020}
}

@article{shah2019morphing,
  title={Morphing Robots Using Robotic Skins That Sculpt Clay},
  author={Shah, Dylan S and Yuen, Michelle C and Tilton, Liana G and Yang, Ellen J and Kramer-Bottiglio, Rebecca},
  journal={IEEE Robotics and Automation Letters},
  volume={4},
  number={2},
  pages={2204--2211},
  year={2019},
  publisher={IEEE}
}

@inproceedings{nygaard2019self,
  title={Self-Modifying Morphology Experiments With Dyret: Dynamic Robot for Embodied Testing},
  author={Nygaard, T{\o}nnes F and Martin, Charles P and Torresen, Jim and Glette, Kyrre},
  Booktitle={The IEEE International Conference on Robotics and Automation (ICRA)},
  pages={9446--9452},
  year={2019}
}

@inproceedings{harvey1996through,
  title={Through the Labyrinth Evolution Finds a Way: A Silicon Ridge},
  author={Harvey, Inman and Thompson, Adrian},
  Booktitle={International Conference on Evolvable Systems},
  pages={406--422},
  year={1996},
  organization={Springer}
}

@inproceedings{madden1995fabrication,
  title={Fabrication by Electrodeposition: Building 3{D} Structures and Polymer Actuators},
  author={Madden, John D and Lafontaine, Serge R and Hunter, Ian W},
  Booktitle={Proceedings of the Sixth International Symposium on Micro Machine and Human Science},
  pages={77--81},
  year={1995},
  organization={IEEE}
}

@inproceedings{romanishin20153d,
  title={3{D} M-Blocks: Self-Reconfiguring Robots Capable of Locomotion via Pivoting in Three Dimensions},
  author={Romanishin, John W and Gilpin, Kyle and Claici, Sebastian and Rus, Daniela},
  Booktitle={The IEEE International Conference on Robotics and Automation (ICRA)},
  pages={1925--1932},
  year={2015}
}

@article{shah2020gaining,
  title={Gaining Environments Through Shape Change},
  author={Shah, Dylan S and Powers, Joshua P and Tilton, Liana G and Kriegman, Sam and Bongard, Josh and Kramer-Bottiglio, Rebecca},
  journal={arXiv Preprint arXiv:2008.06397},
  year={2020}
}

@article{park2016phototactic,
  title={Phototactic Guidance of a Tissue-Engineered Soft-Robotic Ray},
  author={Park, Sung-Jin and Gazzola, Mattia and Park, Kyung Soo and Park, Shirley and Di Santo, Valentina and Blevins, Erin L and Lind, Johan U and Campbell, Patrick H and Dauth, Stephanie and Capulli, Andrew K and others},
  journal={Science},
  volume={353},
  number={6295},
  pages={158--162},
  year={2016},
  publisher={American Association for the Advancement of Science}
}

@article{ricotti2017biohybrid,
  title={Biohybrid Actuators for Robotics: A Review of Devices Actuated by Living Cells},
  author={Ricotti, Leonardo and Trimmer, Barry and Feinberg, Adam W and Raman, Ritu and Parker, Kevin K and Bashir, Rashid and Sitti, Metin and Martel, Sylvain and Dario, Paolo and Menciassi, Arianna},
  journal={Science Robotics},
  volume={2},
  number={12},
  year={2017},
  publisher={Science Robotics}
}

@article{nawroth2012tissue,
  title={A Tissue-Engineered Jellyfish With Biomimetic Propulsion},
  author={Nawroth, Janna C and Lee, Hyungsuk and Feinberg, Adam W and Ripplinger, Crystal M and McCain, Megan L and Grosberg, Anna and Dabiri, John O and Parker, Kevin Kit},
  journal={Nature Biotechnology},
  volume={30},
  number={8},
  pages={792--797},
  year={2012},
  publisher={Nature Publishing Group}
}

@article{li2019particle,
  title={Particle Robotics Based on Statistical Mechanics of Loosely Coupled Components},
  author={Li, Shuguang and Batra, Richa and Brown, David and Chang, Hyun-Dong and Ranganathan, Nikhil and Hoberman, Chuck and Rus, Daniela and Lipson, Hod},
  journal={Nature},
  volume={567},
  number={7748},
  pages={361--365},
  year={2019},
  publisher={Nature Publishing Group}
}

@article{gladman2016biomimetic,
  title={Biomimetic 4d Printing},
  author={Gladman, A Sydney and Matsumoto, Elisabetta A and Nuzzo, Ralph G and Mahadevan, L and Lewis, Jennifer A},
  journal={Nature Materials},
  volume={15},
  number={4},
  pages={413--418},
  year={2016},
  publisher={Nature Publishing Group}
}

@article{moravec1999fractal,
  title={Fractal Branching Ultra-Dexterous Robots},
  author={Moravec, Hans and Easudes, Jesse},
  journal={NASA Advanced Concepts Research Projects},
  year={1999}
}

@article{levin2019computational,
  title={The Computational Boundary of a “Self”: Developmental Bioelectricity Drives Multicellularity and Scale-Free Cognition},
  author={Levin, Michael},
  journal={Frontiers in Psychology},
  volume={10},
  year={2019},
  publisher={Frontiers Media SA}
}

@article{ray2001aesthetically,
  title={Aesthetically Evolved Virtual Pets},
  author={Ray, Thomas S},
  journal={Leonardo},
  volume={34},
  number={4},
  pages={313--316},
  year={2001},
  publisher={MIT Press}
}

@article{shim2006evolving,
  title={Evolving Physically Simulated Flying Creatures for Efficient Cruising},
  author={Shim, Yoon-Sik and Kim, Chang-Hun},
  journal={Artificial Life},
  volume={12},
  number={4},
  pages={561--591},
  year={2006},
  publisher={MIT Press}
}

@inproceedings{veenstra2017evolution,
  title={Evolution and Morphogenesis of Simulated Modular Robots: A Comparison Between a Direct and Generative Encoding},
  author={Veenstra, Frank and Faina, Andres and Risi, Sebastian and Stoy, Kasper},
  Booktitle={European Conference on the Applications of Evolutionary Computation},
  pages={870--885},
  year={2017},
  organization={Springer}
}

@inproceedings{nygaard2018real,
  title={Real-World Evolution Adapts Robot Morphology and Control to Hardware Limitations},
  author={Nygaard, T{\o}nnes F and Martin, Charles P and Samuelsen, Eivind and Torresen, Jim and Glette, Kyrre},
  Booktitle={Proceedings of the Genetic and Evolutionary Computation Conference},
  pages={125--132},
  year={2018}
}

@article{nygaard2020environmental,
  title={Environmental Adaptation of Robot Morphology and Control Through Real-World Evolution},
  author={Nygaard, T{\o}nnes F and Martin, Charles P and Howard, David and Torresen, Jim and Glette, Kyrre},
  journal={arXiv Preprint arXiv:2003.13254},
  year={2020}
}

@article{felton2014method,
  title={A Method for Building Self-Folding Machines},
  author={Felton, Samuel and Tolley, Michael and Demaine, Erik and Rus, Daniela and Wood, Robert},
  journal={Science},
  volume={345},
  number={6197},
  pages={644--646},
  year={2014},
  publisher={American Association for the Advancement of Science}
}

@article{miyashita2017robotic,
  title={Robotic Metamorphosis by Origami Exoskeletons},
  author={Miyashita, Shuhei and Guitron, Steven and Li, Shuguang and Rus, Daniela},
  journal={Science Robotics},
  volume={2},
  number={10},
  pages={eaao4369},
  year={2017},
  publisher={Science Robotics}
}

@article{raman2016optogenetic,
  title={Optogenetic Skeletal Muscle-Powered Adaptive Biological Machines},
  author={Raman, Ritu and Cvetkovic, Caroline and Uzel, Sebastien GM and Platt, Randall J and Sengupta, Parijat and Kamm, Roger D and Bashir, Rashid},
  journal={Proceedings of the National Academy of Sciences},
  volume={113},
  number={13},
  pages={3497--3502},
  year={2016},
  publisher={National Acad Sciences}
}

@article{cvetkovic2014three,
  title={Three-Dimensionally Printed Biological Machines Powered by Skeletal Muscle},
  author={Cvetkovic, Caroline and Raman, Ritu and Chan, Vincent and Williams, Brian J and Tolish, Madeline and Bajaj, Piyush and Sakar, Mahmut Selman and Asada, H Harry and Saif, M Taher A and Bashir, Rashid},
  journal={Proceedings of the National Academy of Sciences},
  volume={111},
  number={28},
  pages={10125--10130},
  year={2014},
  publisher={National Acad Sciences}
}

@article{basanta2008evolution,
  title={The Evolution of Robust Development and Homeostasis in Artificial Organisms},
  author={Basanta, David and Miodownik, Mark and Baum, Buzz},
  journal={PLoS Computational Biology},
  volume={4},
  number={3},
  pages={e1000030},
  year={2008},
  publisher={Public Library of Science}
}

@article{bruner1949perception,
  title={On the Perception of Incongruity: A Paradigm},
  author={Bruner, Jerome S and Postman, Leo},
  journal={Journal of Personality},
  volume={18},
  number={2},
  pages={206--223},
  year={1949},
  blah={https://doi.org/10.1111/j.1467-6494.1949.tb01241.x}
}

@book{wiener1950human,
  Title={The Human Use of Human Beings: Cybernetics and Society},
  author={Wiener, Norbert},
  year={1950}
}

@article{beer1962progress,
  title={A Progress Note on Research Into a Cybernetic Analogue of Fabric},
  author={Beer, Stafford},
  journal={Artorga, Communication},
  volume={40},
  pages={24--32},
  year={1962}
}

@inproceedings{pask1961cybernetics,
  title={The Cybernetics of Evolutionary Processes and of Self Organising Systems},
  author={Pask, Gordon},
  year={1961},
  Booktitle={Third International
Congress on Cybernetics}
}

@article{pask1979consciousness,
author = {Pask, Gordon},
Title = {Consciousness},
journal = {Journal of Cybernetics},
volume = {9},
number = {3},
pages = {211-258},
year  = {1979}
}


@article{ashby1952can,
  title={Can a Mechanical Chess-Player Outplay Its Designer?},
  author={Ashby, W Ross},
  journal={The British Journal for the Philosophy of Science},
  volume={3},
  number={9},
  pages={44--57},
  year={1952},
  publisher={JSTOR}
}

@article{pickering2002cybernetics,
  title={Cybernetics and the Mangle: Ashby, Beer and Pask},
  author={Pickering, Andrew},
  journal={Social Studies of Science},
  volume={32},
  number={3},
  pages={413--437},
  year={2002},
  publisher={Sage Publications London}
}


@book{beer1960cybernetics,
  Title={Cybernetics and Management},
  author={Beer, Stafford},
  year={1960},
  publisher={English University Press}
}

@book{smith1982evolution,
  Title={Evolution and the Theory of Games},
  author={Smith, John Maynard},
  year={1982},
  publisher={Cambridge university press}
}

@article{sendhoff1999model,
  title={A Model for the Dynamic Interaction Between Evolution and Learning},
  author={Sendhoff, Bernhard and Kreutz, Martin},
  journal={Neural Processing Letters},
  volume={10},
  number={3},
  pages={181--193},
  year={1999},
  publisher={Springer}
}

@inproceedings{bird2002evolved,
  title={The Evolved Radio and Its Implications for Modelling the Evolution of Novel Sensors},
  author={Bird, Jon and Layzell, Paul},
  Booktitle={Proceedings of the 2002 Congress on Evolutionary Computation (CEC)},
  pages={1836--1841},
  year={2002},
  organization={IEEE}
}

@article{beer2001filigree,
  title={A Filigree Friendship},
  author={Beer, Stafford},
  journal={Kybernetes},
  year={2001},
  publisher={MCB UP Ltd}
}

@article{cariani1993evolve,
  title={To Evolve an Ear. Epistemological Implications of Gordon Pask's Electrochemical Devices},
  author={Cariani, Peter},
  journal={Systems Research},
  volume={10},
  number={3},
  pages={19--33},
  year={1993},
  publisher={Wiley Online Library}
}

@inproceedings{pask1958physical,
  title={Physical Analogues to the Growth of a Concept},
  author={Pask, Gordon},
  Booktitle={Mechanization of Thought Processes, Symposium},
  volume={10},
  pages={765--794},
  year={1958}
}

@article{pask1960natural,
  title={The Natural History of Networks},
  author={Pask, Gordon},
  journal={Self-Organizing Systems},
  pages={232--263},
  year={1960},
  publisher={Pergamon Press Oxford}
}

@article{bird2008gordon,
  title={Gordon Pask and His Maverick Machines},
  author={Bird, Jon and Di Paolo, Ezequiel},
  journal={The Mechanical Mind in History},
  pages={185--211},
  year={2008},
  publisher={MIT Press Cambridge, MA}
}

@inproceedings{thompson1996evolved,
  title={An Evolved Circuit, Intrinsic in Silicon, Entwined With Physics},
  author={Thompson, Adrian},
  Booktitle={International Conference on Evolvable Systems},
  pages={390--405},
  year={1996},
  organization={Springer}
}

@inproceedings{thompson1995evolving,
  title={Evolving Electronic Robot Controllers That Exploit Hardware Resources},
  author={Thompson, Adrian},
  Booktitle={European Conference on Artificial Life},
  pages={640--656},
  year={1995},
  organization={Springer}
}

@inproceedings{lessin2015soft,
  title={Soft-Body Muscles for Evolved Virtual Creatures: The Next Step on a Bio-Mimetic Path to Meaningful Morphological Complexity},
  author={Lessin, Dan and Risi, Sebastian},
  Booktitle={Artificial Life Conference Proceedings 13},
  pages={604--611},
  year={2015}
}

@article{brodbeck2015morphological,
  title={Morphological Evolution of Physical Robots Through Model-Free Phenotype Development},
  author={Brodbeck, Luzius and Hauser, Simon and Iida, Fumiya},
  journal={PloS One},
  volume={10},
  number={6},
  pages={e0128444},
  year={2015},
  publisher={Public Library of Science}
}

@inproceedings{hotz2004asymmetric,
  title={Asymmetric Cell Division and Its Integration With Other Developmental Processes for Artificial Evolutionary Systems},
  author={Hotz, Peter Eggenberger},
  Booktitle={Artificial Life IX: Proceedings of the Ninth International Conference on the Simulation and Synthesis of Artificial Life},
  volume={9},
  pages={387},
  year={2004},
  organization={MIT Press}
}

@book{hofstadter2007strange,
  Title={I Am a Strange Loop},
  author={Hofstadter, Douglas R},
  year={2007},
  publisher={Basic books}
}

@book{dennett1989intentional,
  Title={The Intentional Stance},
  author={Dennett, Daniel Clement},
  year={1989},
  publisher={MIT press}
}

@book{sutton2018reinforcement,
  Title={Reinforcement Learning: An Introduction},
  author={Sutton, Richard S and Barto, Andrew G},
  year={2018},
  publisher={MIT press}
}

@article{dreyfus1967computers,
  title={Why Computers Must Have Bodies in Order to Be Intelligent},
  author={Dreyfus, Hubert L},
  journal={The Review of Metaphysics},
  pages={13--32},
  year={1967}
}

@book{pfeifer2006body,
  Title={How the Body Shapes the Way We Think: A New View of Intelligence},
  author={Pfeifer, Rolf and Bongard, Josh},
  year={2006},
  publisher={MIT press}
}

@inproceedings{harvey2000robotics,
  title={Robotics: Philosophy of Mind Using a Screwdriver},
  author={Harvey, Inman},
  Booktitle={Evolutionary Robotics: From Intelligent Robots to Artificial Life, Vol. III},
  pages={207-230},
  year={2000}
}

@article{clark2013whatever,
  title={Whatever Next? Predictive Brains, Situated Agents, and the Future of Cognitive Science},
  author={Clark, Andy},
  journal={Behavioral and Brain Sciences},
  volume={36},
  number={3},
  pages={181--204},
  year={2013},
  publisher={Cambridge University Press}
}

@article{suzuki2004interactions,
  title={Interactions Between Learning and Evolution: The Outstanding Strategy Generated by the Baldwin Effect},
  author={Suzuki, Reiji and Arita, Takaya},
  journal={Biosystems},
  volume={77},
  number={1-3},
  pages={57--71},
  year={2004},
  publisher={Elsevier}
}

@book{bennett2003philosophical,
  Title={Philosophical Foundations of Neuroscience},
  author={Bennett, Maxwell R and Hacker, Peter Michael Stephan and Bennett, MR},
  volume={79},
  year={2003},
  publisher={Blackwell Oxford}
}

@inproceedings{todd2020interaction,
  title={Interaction Between Evolution and Learning in Nk Fitness Landscapes},
  author={Todd, Graham and Candadai, Madhavun and Izquierdo, Eduardo J},
  Booktitle={Artificial Life Conference Proceedings},
  pages={761--767},
  year={2020},
  organization={MIT Press}
}

@inproceedings{french1994genes,
  title={Genes, Phenes and the Baldwin Effect: Learning and Evolution in a Simulated Population},
  author={French, Robert and Messinger, Adam},
  Booktitle={Artificial Life IV},
  pages={277--282},
  year={1994},
  organization={Cambridge, MA: MIT Press}
}

@article{belew1989evolution,
  title={Evolution, Learning and Culture: Computational Metaphors for Adaptive Algorithms},
  author={Belew, Richard K},
  journal={Technical Report CS89-156, Computer Science, Univ. Calif. San. Diego},
  year={1989}
}

@article{husbands1998better,
  title={Better Living Through Chemistry: Evolving Gasnets for Robot Control},
  author={Husbands, Phil and Smith, Tom and Jakobi, Nick and O'Shea, Michael},
  journal={Connection Science},
  volume={10},
  number={3-4},
  pages={185--210},
  year={1998},
  publisher={Taylor \& Francis}
}

@article{doursat2014growing,
  title={Growing Fine-Grained Multicellular Robots},
  author={Doursat, Ren{\'e} and S{\'a}nchez, Carlos},
  journal={Soft Robotics},
  volume={1},
  number={2},
  pages={110--121},
  year={2014},
  publisher={Mary Ann Liebert, Inc. 140 Huguenot Street, 3rd Floor New Rochelle, NY 10801 USA}
}

@article{salimans2017evolution,
  title={Evolution Strategies as a Scalable Alternative to Reinforcement Learning},
  author={Salimans, Tim and Ho, Jonathan and Chen, Xi and Sidor, Szymon and Sutskever, Ilya},
  journal={arXiv Preprint arXiv:1703.03864},
  year={2017}
}

@inproceedings{mnih2016asynchronous,
  title={Asynchronous Methods for Deep Reinforcement Learning},
  author={Mnih, Volodymyr and Badia, Adria Puigdomenech and Mirza, Mehdi and Graves, Alex and Lillicrap, Timothy and Harley, Tim and Silver, David and Kavukcuoglu, Koray},
  Booktitle={International Conference on Machine Learning},
  pages={1928--1937},
  year={2016}
}

@inproceedings{gu2017deep,
  title={Deep Reinforcement Learning for Robotic Manipulation With Asynchronous Off-Policy Updates},
  author={Gu, Shixiang and Holly, Ethan and Lillicrap, Timothy and Levine, Sergey},
  Booktitle={The IEEE International Conference on Robotics and Automation (ICRA)},
  pages={3389--3396},
  year={2017}
}

@InProceedings{pmlr-v97-khadka19a,
  title = 	 {Collaborative Evolutionary Reinforcement Learning},
  author = 	 {Shauharda Khadka and Somdeb Majumdar and Tarek Nassar and Zach Dwiel and Evren Tumer and Santiago Miret and Yinyin Liu and Kagan Tumer},
  Booktitle = 	 {Proceedings of the 36th International Conference on Machine Learning},
  pages = 	 {3341--3350},
  year = 	 {2019},
  editor = 	 {Kamalika Chaudhuri and Ruslan Salakhutdinov},
  volume = 	 {97},
  series = 	 {Proceedings of Machine Learning Research},
  address = 	 {Long Beach, California, USA},
  month = 	 {09--15 Jun},
  publisher = 	 {PMLR},
  pdf = 	 {http://proceedings.mlr.press/v97/khadka19a/khadka19a.pdf},
  blah = 	 {http://proceedings.mlr.press/v97/khadka19a.html}
}

@inproceedings{auerbach2010dynamic,
  title={Dynamic Resolution in the Co-Evolution of Morphology and Control},
  author={Auerbach, Joshua E and Bongard, Josh C},
  Booktitle={Artificial Life XII: Proceedings of the Twelfth International Conference on the Synthesis and Simulation of Living Systems},
  pages={451--458},
  year={2010},
  organization={MIT Press}
}

@article{komosinski2001comparison,
  title={Comparison of Different Genotype Encodings for Simulated Three-Dimensional Agents},
  author={Komosi{\'n}ski, Maciej and Rotaru-Varga, Adam},
  journal={Artificial Life},
  volume={7},
  number={4},
  pages={395--418},
  year={2001},
  publisher={MIT Press}
}

@article{sims1994competition,
  title={Evolving 3{D} Morphology and Behavior by Competition},
  author={Sims, Karl},
  journal={Artificial Life},
  volume={1},
  number={4},
  pages={353--372},
  year={1994},
  publisher={MIT Press},
  blah={https://doi.org/10.1162/artl.1994.1.4.353}
}

@inproceedings{maley1999four,
  title={Four Steps Toward Open-Ended Evolution},
  author={Maley, Carlo C},
  Booktitle={Proceedings of the Genetic and Evolutionary Computation Conference (GECCO)},
  volume={2},
  pages={1336--1343},
  year={1999}
}

@inproceedings{lehman2018safe,
  title={Safe Mutations for Deep and Recurrent Neural Networks Through Output Gradients},
  author={Lehman, Joel and Chen, Jay and Clune, Jeff and Stanley, Kenneth O},
  Booktitle={Proceedings of the Genetic and Evolutionary Computation Conference},
  pages={117--124},
  year={2018}
}

@inproceedings{bedau1998classification,
  title={A Classification of Long-Term Evolutionary Dynamics},
  author={Bedau, Mark A and Snyder, Emile and Packard, Norman H},
  Booktitle={Artificial Life VI},
  pages={228--237},
  year={1998}
}

@article{thrun1995lifelong,
  title={Lifelong Robot Learning},
  author={Thrun, Sebastian and Mitchell, Tom M},
  journal={Robotics and Autonomous Systems},
  volume={15},
  number={1-2},
  pages={25--46},
  year={1995},
  publisher={Elsevier}
}

@article{lipson2000automatic,
  title={Automatic Design and Manufacture of Robotic Lifeforms},
  author={Lipson, Hod and Pollack, Jordan B},
  journal={Nature},
  volume={406},
  number={6799},
  pages={974},
  year={2000},
  publisher={Nature Publishing Group},
  blah={https://doi.org/10.1038/35023115}
}

@article{bongard2006resilient,
  title={Resilient Machines Through Continuous Self-Modeling},
  author={Bongard, Josh and Zykov, Victor and Lipson, Hod},
  journal={Science},
  volume={314},
  number={5802},
  pages={1118--1121},
  year={2006},
  publisher={American Association for the Advancement of Science},
  blah={https://doi.org/10.1126/science.1133687}
}

@inproceedings{cheney2013unshackling,
  title={Unshackling Evolution: Evolving Soft Robots With Multiple Materials and a Powerful Generative Encoding},
  author={Cheney, Nick and MacCurdy, Robert and Clune, Jeff and Lipson, Hod},
  Booktitle={Proceedings of the 15th Annual Conference on Genetic and Evolutionary Computation},
  pages={167--174},
  year={2013},
  organization={ACM}
}


@article{miskin2020electronically,
   author={Miskin, Marc Z. and Cortese, Alejandro J. and Dorsey, Kyle and Esposito, Edward P. and Reynolds, Michael F. and Liu, Qingkun and Cao, Michael and Muller, David A. and McEuen, Paul L. and Cohen, Itai},
   title={Electronically Integrated, Mass-Manufactured, Microscopic Robots},
   volume={584},
   pages={557--561},
   year={2020},
   journal={Nature}
}


@inproceedings{pathak2019learning,
  title={Learning to Control Self-Assembling Morphologies: A Study of Generalization via Modularity},
  author={Pathak, Deepak and Lu, Chris and Darrell, Trevor and Isola, Phillip and Efros, Alexei A},
  Booktitle={Advances in Neural Information Processing Systems (NeurIPS)},
  year={2019}
}

@article{kriegman2020xenobots,
   author={Kriegman, Sam and Blackiston, Douglas and Levin, Michael and Bongard, Josh},
   title={A Scalable Pipeline for Designing Reconfigurable Organisms},
   volume={117},
   number={4},
   pages={1853--1859},
   year={2020},
   ndoi= {10.1073/pnas.1910837117},
   publisher={National Academy of Sciences},
   issn={0027-8424},
   blah={https://www.pnas.org/content/117/4/1853},
   eprint={https://www.pnas.org/content/117/4/1853.full.pdf},
   journal={Proceedings of the National Academy of Sciences}
}

@inproceedings{kriegman2019automated,
  title={Automated Shapeshifting for Function Recovery in Damaged Robots},
  author={Kriegman, Sam and Walker, Stephanie and Shah, Dylan and Levin, Michael and Kramer-Bottiglio, Rebecca and Bongard, Josh},
  Booktitle={Proceedings of Robotics: Science and Systems (RSS)},
  year={2019},
  blah={https://doi.org/10.15607/RSS.2019.XV.028}
}

@article{kriegman2019why,
  title={Why Virtual Creatures Matter},
  author={Kriegman, Sam},
  journal={Nature Machine Intelligence},
  year={2019},
  volume={1},
  number={10},
  pages={492-492},
  publisher={Nature Publishing Group},
  blah={https://rdcu.be/bTN0S}
}

@inproceedings{kriegman2020sim2real4designs,
   author={Kriegman, Sam and Nasab, Amir Mohammadi and Shah, Dylan and Steele, Hannah and Branin, Gabrielle and Levin, Michael and Bongard, Josh and Kramer-Bottiglio, Rebecca},
   title={Scalable Sim-To-Real Transfer of Soft Robot Designs},
   Booktitle={Proceedings of the 3rd IEEE International Conference on Soft Robotics (RoboSoft)},
   year={2020},
   blah={https://arxiv.org/abs/1911.10290}
}

@incollection{schmidt2011age,
  title={Age-Fitness Pareto Optimization},
  author={Schmidt, Michael and Lipson, Hod},
  Booktitle={Genetic Programming Theory and Practice VIII},
  pages={129--146},
  year={2011},
  blah={https://doi.org/10.1007/978-1-4419-7747-2_8},
  publisher={Springer}
}

@article{hiller2014dynamic,
  title={Dynamic Simulation of Soft Multimaterial 3{D}-Printed Objects},
  author={Hiller, Jonathan and Lipson, Hod},
  journal={Soft Robotics},
  volume={1},
  number={1},
  pages={88--101},
  year={2014},
  publisher={Mary Ann Liebert, Inc.},
  blah={https://doi.org/10.1089/soro.2013.0010}
}

@article{stanley2007compositional,
  title={Compositional Pattern Producing Networks: A Novel Abstraction of Development},
  author={Stanley, Kenneth O},
  journal={Genetic Programming and Evolvable Machines},
  volume={8},
  number={2},
  pages={131--162},
  year={2007},
  blah={https://doi.org/10.1007/s10710-007-9028-8},
  publisher={Springer}
}

@article{cheney2018scalable,
  title={Scalable Co-Optimization of Morphology and Control in Embodied Machines},
  author={Cheney, Nick and Bongard, Josh and SunSpiral, Vytas and Lipson, Hod},
  journal={Journal of the Royal Society Interface},
  volume={15},
  number={143},
  pages={20170937},
  year={2018},
  publisher={The Royal Society},
  blah={http://doi.org/10.1098/rsif.2017.0937}
}

@inproceedings{lehman2011evolving,
  title={Evolving a Diversity of Virtual Creatures Through Novelty Search and Local Competition},
  author={Lehman, Joel and Stanley, Kenneth O},
  Booktitle={Proceedings of the 13th Annual Conference on Genetic and Evolutionary Computation},
  pages={211--218},
  year={2011}
}

@inproceedings{bongard2001repeated,
  title={Repeated Structure and Dissociation of Genotypic and Phenotypic Complexity in Artificial Ontogeny},
  author={Bongard, Josh C and Pfeifer, Rolf},
  Booktitle = {Proceedings of the 3rd Annual Conference on Genetic and Evolutionary Computation},
  year = {2001},
  pages = {829–836},
}

@inproceedings{hornby2001body,
  title={Body-Brain Co-Evolution Using L-Systems as a Generative Encoding},
  author={Hornby, Gregory S and Pollack, Jordan B},
  Booktitle={Proceedings of the 3rd Annual Conference on Genetic and Evolutionary Computation},
  pages={868--875},
  year={2001}
}

@inproceedings{ventrella1994explorations,
  title={Explorations in the Emergence of Morphology and Locomotion Behavior in Animated Characters},
  author={Ventrella, Jeffrey},
  Booktitle={Artificial Life IV},
  pages={436--441},
  year={1994}
}

@article{moravec1999fractal,
  title={Fractal Branching Ultra-Dexterous Robots},
  author={Moravec, Hans and Easudes, Jesse},
  journal={NASA Advanced Concepts Research Projects},
  year={1999}
}


@article{auerbach2014environmental,
  title={Environmental Influence on the Evolution of Morphological Complexity in Machines},
  author={Auerbach, Joshua E and Bongard, Josh C},
  journal={PLoS Computational Biology},
  volume={10},
  number={1},
  pages={e1003399},
  year={2014},
  publisher={Public Library of Science}
}

@inproceedings{lessin2013open,
  title={Open-Ended Behavioral Complexity for Evolved Virtual Creatures},
  author={Lessin, Dan and Fussell, Don and Miikkulainen, Risto},
  Booktitle={Proceedings of the 15th Annual Conference on Genetic and Evolutionary Computation},
  pages={335--342},
  year={2013}
}

@article{rubenstein2014programmable,
  title={Programmable Self-Assembly in a Thousand-Robot Swarm},
  author={Rubenstein, Michael and Cornejo, Alejandro and Nagpal, Radhika},
  journal={Science},
  volume={345},
  number={6198},
  pages={795--799},
  year={2014},
  publisher={American Association for the Advancement of Science}
}

@article{ha2019reinforcement,
  title={Reinforcement Learning for Improving Agent Design},
  author={Ha, David},
  journal={Artificial Life},
  volume={25},
  number={4},
  pages={352--365},
  year={2019},
  publisher={MIT Press}
}

@incollection{rechenberg1989evolution,
  title={Evolution Strategy: Nature’s Way of Optimization},
  author={Rechenberg, Ingo},
  Booktitle={Optimization: Methods and Applications, Possibilities and Limitations},
  pages={106--126},
  year={1989},
  publisher={Springer}
}

@article{levin2019computational,
  title={The Computational Boundary of a “Self”: Developmental Bioelectricity Drives Multicellularity and Scale-Free Cognition},
  author={Levin, Michael},
  journal={Frontiers in Psychology},
  volume={10},
  year={2019},
  publisher={Frontiers Media SA},
  blah={https://doi.org/10.3389/fpsyg.2019.02688}
}

@article{cellucci20171d,
  title={1D Printing of Recyclable Robots},
  author={Cellucci, Daniel and MacCurdy, Robert and Lipson, Hod and Risi, Sebastian},
  journal={IEEE Robotics and Automation Letters},
  volume={2},
  number={4},
  pages={1964--1971},
  year={2017},
  publisher={IEEE},
  blah={https://doi.org/10.1109/LRA.2017.2716418}
}

@article{medvet20202d,
  title={2d-VSR-Sim: An Optimization-Friendly Simulator of 2-D Voxel-Based Soft Robots},
  author={Medvet, Eric and Bartoli, Alberto and De Lorenzo, Andrea and Seriani, Stefano},
  journal={arXiv Preprint arXiv:2001.08617},
  year={2020}
}

@book{feyerabend1975against,
  Title={Against Method},
  author={Feyerabend, Paul},
  year={1975},
  publisher={Verso}
}

@article{austin2019titan,
  title={Titan: A Parallel Asynchronous Library for Multi-Agent and Soft-Body Robotics Using Nvidia Cuda},
  author={Austin, Jacob and Corrales-Fatou, Rafael and Wyetzner, Sofia and Lipson, Hod},
  journal={arXiv Preprint arXiv:1911.10274},
  year={2019}
}

@inproceedings{holden2019subspace,
  title={Subspace Neural Physics: Fast Data-Driven Interactive Simulation},
  author={Holden, Daniel and Duong, Bang Chi and Datta, Sayantan and Nowrouzezahrai, Derek},
  Booktitle={Proceedings of the 18th Annual ACM SIGGRAPH/Eurographics Symposium on Computer Animation},
  pages={6},
  year={2019},
  blah={https://doi.org/10.1145/3309486.3340245}
}

@article{macklin2019non,
  title={Non-Smooth Newton Methods for Deformable Multi-Body Dynamics},
  author={Macklin, Miles and Erleben, Kenny and M{\"u}ller, Matthias and Chentanez, Nuttapong and Jeschke, Stefan and Makoviychuk, Viktor},
  journal={ACM Transactions on Graphics (TOG)},
  volume={38},
  number={5},
  pages={140},
  year={2019},
  publisher={ACM},
  blah={https://doi.org/10.1145/3338695}
}

@inproceedings{karras2012maximizing,
  title={Maximizing Parallelism in the Construction of Bvhs, Octrees, and K-D Trees},
  author={Karras, Tero},
  Booktitle={Proceedings of the Fourth ACM SIGGRAPH/Eurographics Conference on High-Performance Graphics},
  pages={33--37},
  year={2012}
}


@article{ze2019magnetic,
  title={Magnetic Shape Memory Polymers With Integrated Multifunctional Shape Manipulation},
  author={Ze, Qiji and Kuang, Xiao and Wu, Shuai and Wong, Janet and Montgomery, S Macrae and Zhang, Rundong and Kovitz, Joshua M and Yang, Fengyuan and Qi, H Jerry and Zhao, Ruike},
  journal={Advanced Materials},
  year={2019},
  pages = {1906657},
}


@article{hawkes2010programmable,
  title={Programmable Matter by Folding},
  author={Hawkes, Elliot and An, B and Benbernou, Nadia M and Tanaka, H and Kim, Sangbae and Demaine, ED and Rus, D and Wood, Robert J},
  journal={Proceedings of the National Academy of Sciences},
  volume={107},
  number={28},
  pages={12441--12445},
  year={2010},
  publisher={National Acad Sciences}
}


@inproceedings{cheney2014automated,
  title={Automated Vibrational Design and Natural Frequency Tuning of Multi-Material Structures},
  author={Cheney, Nick and Ritz, Ethan and Lipson, Hod},
  Booktitle={Proceedings of the 2014 Annual Conference on Genetic and Evolutionary Computation},
  pages={1079--1086},
  year={2014},
  organization={ACM}
}


@article{hawkes2017soft,
  title={A Soft Robot That Navigates Its Environment Through Growth},
  author={Hawkes, Elliot W and Blumenschein, Laura H and Greer, Joseph D and Okamura, Allison M},
  journal={Science Robotics},
  volume={2},
  number={8},
  pages={eaan3028},
  year={2017},
  publisher={Science Robotics}
}

@book{fogel1998evolutionary,
  Title={Evolutionary Computation: The Fossil Record},
  author={Fogel, David B},
  year={1998},
  publisher={IEEE Press}
}


@article{funes1999computer,
  title={Computer Evolution of Buildable Objects},
  author={Funes, Pablo and Pollack, Jordan},
  journal={Evolutionary Design by Computers},
  volume={1},
  pages={387--403},
  year={1999},
  publisher={Morgan Kaufmann}
}

@article{jakobi1997evolutionary,
  title={Evolutionary Robotics and the Radical Envelope-Of-Noise Hypothesis},
  author={Jakobi, Nick},
  journal={Adaptive Behavior},
  volume={6},
  number={2},
  pages={325--368},
  year={1997},
  publisher={Sage Publications Sage CA: Thousand Oaks, CA}
}

@book{ashby1956introduction,
  Title={An Introduction to Cybernetics},
  author={Ashby, W Ross},
  year={1956},
  publisher={Chapman \& Hall}
}

@book{braitenberg1984vehicles,
  Title={Vehicles: Experiments in Synthetic Psychology},
  author={Braitenberg, Valentino},
  year={1984},
  publisher={MIT Press}
}

@inproceedings{beer1996toward,
  title={Toward the Evolution of Dynamical Neural Networks for Minimally Cognitive Behavior},
  author={Beer, Randall D},
  Booktitle={Proceedings of the Fourth International Conference on the Simulation of Adaptive Behavior},
  year={1996}
}

@inproceedings{slocum2000further,
  title={Further Experiments in the Evolution of Minimally Cognitive Behavior: From Perceiving Affordances to Selective Attention},
  author={Slocum, Andrew C and Downey, Douglas C and Beer, Randall D},
  Booktitle={Proceedings of the Sixth International Conference on the Simulation of Adaptive Behavior},
  year={2000}
}

@book{ashby1952design,
  Title={Design for a Brain: The Origin of Adaptive Behaviour},
  author={Ashby, W Ross},
  year={1952},
  publisher={Chapman \& Hall}
}

@article{booth2018omniskins,
  title={OmniSkins: Robotic Skins That Turn Inanimate Objects Into Multifunctional Robots},
  author={Booth, Joran W and Shah, Dylan and Case, Jennifer C and White, Edward L and Yuen, Michelle C and Cyr-Choiniere, Olivier and Kramer-Bottiglio, Rebecca},
  journal={Science Robotics},
  volume={3},
  number={22},
  pages={eaat1853},
  year={2018},
  publisher={Science Robotics}
}

@book{dyson2012turing,
  Title={Turing's Cathedral: The Origins of the Digital Universe},
  author={Dyson, George},
  year={2012},
  publisher={Vintage}
}

@article{barricelli1962numerical,
  title={Numerical Testing of Evolution Theories},
  author={Barricelli, Nils Aall},
  journal={Acta Biotheoretica},
  volume={16},
  number={1-2},
  pages={69--98},
  year={1962},
  publisher={Springer}
}

@article{van2016morphing,
  title={Morphing Metal and Elastomer Bicontinuous Foams for Reversible Stiffness, Shape Memory, and Self-Healing Soft Machines},
  author={Van Meerbeek, Ilse M and Mac Murray, Benjamin C and Kim, Jae Woo and Robinson, Sanlin S and Zou, Perry X and Silberstein, Meredith N and Shepherd, Robert F},
  journal={Advanced Materials},
  volume={28},
  number={14},
  pages={2801--2806},
  year={2016},
  publisher={Wiley Online Library}
}

@article{collins2005efficient,
  title={Efficient Bipedal Robots Based on Passive-Dynamic Walkers},
  author={Collins, Steve and Ruina, Andy and Tedrake, Russ and Wisse, Martijn},
  journal={Science},
  volume={307},
  number={5712},
  pages={1082--1085},
  year={2005},
  publisher={American Association for the Advancement of Science}
}

@article{kim2013soft,
  title={Soft Robotics: A Bioinspired Evolution in Robotics},
  author={Kim, Sangbae and Laschi, Cecilia and Trimmer, Barry},
  journal={Trends in Biotechnology},
  volume={31},
  number={5},
  pages={287--294},
  year={2013},
  publisher={Elsevier}
}

@book{nolfi2000evolutionary,
  Title={Evolutionary Robotics: The Biology, Intelligence, and Technology of Self-Organizing Machines},
  author={Nolfi, Stefano and Floreano, Dario},
  year={2000},
  publisher={MIT press}
}


@inproceedings{lassabe2007new,
  title={A New Step for Artificial Creatures},
  author={Lassabe, Nicolas and Luga, Herve and Duthen, Yves},
  Booktitle={IEEE Symposium on Artificial Life (ALIFE)},
  pages={243--250},
  year={2007}
}

@article{hornby2002creating,
  title={Creating High-Level Components With a Generative Representation for Body-Brain Evolution},
  author={Hornby, Gregory S and Pollack, Jordan B},
  journal={Artificial Life},
  volume={8},
  number={3},
  pages={223--246},
  year={2002},
  publisher={MIT Press}
}

@article{joachimczak2016artificial,
  title={Artificial Metamorphosis: Evolutionary Design of Transforming, Soft-Bodied Robots},
  author={Joachimczak, Micha{\l} and Suzuki, Reiji and Arita, Takaya},
  journal={Artificial Life},
  volume={22},
  number={3},
  pages={271--298},
  year={2016},
  publisher={MIT Press}
}

@article{cliff1993explorations,
  title={Explorations in Evolutionary Robotics},
  author={Cliff, Dave and Husbands, Phil and Harvey, Inman},
  journal={Adaptive Behavior},
  volume={2},
  number={1},
  pages={73--110},
  year={1993},
  publisher={Sage Publications Sage CA: Thousand Oaks, CA}
}

@article{harvey1997evolutionary,
  title={Evolutionary Robotics: The Sussex Approach},
  author={Harvey, Inman and Husbands, Phil and Cliff, Dave and Thompson, Adrian and Jakobi, Nick},
  journal={Robotics and Autonomous Systems},
  volume={20},
  number={2-4},
  pages={205--224},
  year={1997},
  publisher={Elsevier}
}

@article{tuci2010active,
  title={Active Categorical Perception of Object Shapes in a Simulated Anthropomorphic Robotic Arm},
  author={Tuci, Elio and Massera, Gianluca and Nolfi, Stefano},
  journal={IEEE Transactions on Evolutionary Computation},
  volume={14},
  number={6},
  pages={885--899},
  year={2010},
  publisher={IEEE}
}

@article{floreano1996homing,
  title={Evolution of Homing Navigation in a Real Mobile Robot},
  author={Floreano, Dario and Mondada, Francesco},
  journal={IEEE Transactions on Systems, Man, and Cybernetics},
  volume={26},
  number={3},
  pages={396--407},
  year={1996},
  publisher={IEEE}
}

@article{bongard2013evolutionary,
  title={Evolutionary Robotics},
  author={Bongard, Josh C},
  journal={Communications of the ACM},
  volume={56},
  number={8},
  pages={74--83},
  year={2013},
  publisher={ACM}
}

@inproceedings{floreano1994automatic,
  title={Automatic Creation of an Autonomous Agent: Genetic Evolution of a Neural Network Driven Robot},
  author={Floreano, Dario and Mondada, Francesco},
  Booktitle={From Animals to Animats 3: Proceedings of the Third International Conference on Simulation of Adaptive Behavior},
  pages={421--430},
  year={1994},
  organization={The MIT Press}
}

@article{hogeweg2000evolving,
  title={Evolving Mechanisms of Morphogenesis: On the Interplay Between Differential Adhesion and Cell Differentiation},
  author={Hogeweg, P},
  journal={Journal of Theoretical Biology},
  volume={203},
  number={4},
  pages={317--333},
  year={2000},
  publisher={Elsevier}
}

@article{brown2010universal,
  title={Universal Robotic Gripper Based on the Jamming of Granular Material},
  author={Brown, Eric and Rodenberg, Nicholas and Amend, John and Mozeika, Annan and Steltz, Erik and Zakin, Mitchell R and Lipson, Hod and Jaeger, Heinrich M},
  journal={Proceedings of the National Academy of Sciences},
  volume={107},
  number={44},
  pages={18809--18814},
  year={2010},
  publisher={National Acad Sciences}
}

@article{gilmer2018adversarial,
  title={Adversarial Spheres},
  author={Gilmer, Justin and Metz, Luke and Faghri, Fartash and Schoenholz, Samuel S and Raghu, Maithra and Wattenberg, Martin and Goodfellow, Ian},
  journal={arXiv Preprint arXiv:1801.02774},
  year={2018}
}

@inproceedings{goodfellow2014generative,
  title={Generative Adversarial Nets},
  author={Goodfellow, Ian and Pouget-Abadie, Jean and Mirza, Mehdi and Xu, Bing and Warde-Farley, David and Ozair, Sherjil and Courville, Aaron and Bengio, Yoshua},
  Booktitle={Advances in Neural Information Processing Systems (NIPS)},
  pages={2672--2680},
  year={2014}
}

@article{velez2017diffusion,
  title={Diffusion-Based Neuromodulation Can Eliminate Catastrophic Forgetting in Simple Neural Networks},
  author={Velez, Roby and Clune, Jeff},
  journal={PloS One},
  volume={12},
  number={11},
  pages={e0187736},
  year={2017},
  publisher={Public Library of Science}
}


@book{dawkins1986blind,
  Title={The Blind Watchmaker: Why the Evidence of Evolution Reveals a Universe Without Design},
  author={Dawkins, Richard},
  year={1986},
  publisher={WW Norton \& Company}
}


@article{baldwin1896new,
  title={A New Factor in Evolution},
  author={Baldwin, J Mark},
  journal={The American Naturalist},
  volume={30},
  number={354},
  pages={441--451},
  year={1896},
  publisher={Edwards and Docker}
}


@article{morgan1896modification,
  title={On Modification and Variation},
  author={Morgan, C Lloyd},
  journal={Science},
  volume={4},
  number={99},
  pages={733--740},
  year={1896},
  publisher={JSTOR}
}


@article{waddington1942canalization,
  title={Canalization of Development and the Inheritance of Acquired Characters},
  author={Waddington, Conrad H},
  journal={Nature},
  volume={150},
  pages={563--565},
  year={1942}
}


@article{downing2004development,
  title={Development and the Baldwin Effect},
  author={Downing, Keith L},
  journal={Artificial Life},
  volume={10},
  number={1},
  pages={39--63},
  year={2004},
  publisher={MIT Press}
}

@article{taha2015efficient,
  title={An Efficient Algorithm for Calculating the Exact Hausdorff Distance},
  author={Taha, Abdel Aziz and Hanbury, Allan},
  journal={IEEE Transactions on Pattern Analysis and Machine Intelligence},
  volume={37},
  number={11},
  pages={2153--2163},
  year={2015},
  publisher={IEEE}
}


@inproceedings{cheney2016difficulty,
  title={On the Difficulty of Co-Optimizing Morphology and Control in Evolved Virtual Creatures},
  author={Cheney, Nick and Bongard, Josh and SunSpiral, Vytas and Lipson, Hod},
  Booktitle={Proceedings of the Artificial Life Conference},
  pages={226--234},
  year={2016}
}



@inproceedings{cheney2014electro,
  title={Evolved Electrophysiological Soft Robots},
  author={Cheney, Nick and Clune, Jeff and Lipson, Hod},
  Booktitle={Proceedings of the Conference on Artificial Life (ALife)},
  volume={14},
  pages={222--229},
  year={2014}
}



@article{lipson2014challenges,
  title={Challenges and Opportunities for Design, Simulation, and Fabrication of Soft Robots},
  author={Lipson, Hod},
  journal={Soft Robotics},
  volume={1},
  number={1},
  pages={21--27},
  year={2014},
  publisher={Mary Ann Liebert, Inc. 140 Huguenot Street, 3rd Floor New Rochelle, NY 10801 USA},
  ndoi= {10.1089/soro.2013.0007},
  blah={http://online.liebertpub.com/doi/abs/10.1089/soro.2013.0007}
}

@incollection{lohn2005evolved,
  title={An Evolved Antenna for Deployment on Nasa’s Space Technology 5 Mission},
  author={Lohn, Jason D and Hornby, Gregory S and Linden, Derek S},
  Booktitle={Genetic Programming Theory and Practice II},
  pages={301--315},
  year={2005},
  publisher={Springer}
}

@article{miriyev2017soft,
  title={Soft Material for Soft Actuators},
  author={Miriyev, Aslan and Stack, Kenneth and Lipson, Hod},
  journal={Nature Communications},
  volume={8},
  number={1},
  pages={596},
  year={2017},
  publisher={Nature Publishing Group}
}


@article{hinton1987learning,
  title={How Learning Can Guide Evolution},
  author={Hinton, Geoffrey E and Nowlan, Steven J},
  journal={Complex Systems},
  volume={1},
  number={3},
  pages={495--502},
  year={1987}
}

@article{smith1987learning,
  title={When Learning Guides Evolution.},
  author={Smith, John Maynard},
  journal={Nature},
  volume={329},
  number={6142},
  pages={761},
  year={1987}
}


@article{dennett2003baldwin,
  title={The Baldwin Effect: A Crane, Not a Skyhook},
  author={Dennett, Daniel C},
  journal={Evolution and Learning: The Baldwin Effect Reconsidered},
  pages={60--79},
  year={2003},
  publisher={MIT Press Cambridge, MA}
}


@article{Moczekrspb20110971,
  title={The Role of Developmental Plasticity in Evolutionary Innovation},
  author={Moczek, Armin P and Sultan, Sonia and Foster, Susan and Led{\'o}n-Rettig, Cris and Dworkin, Ian and Nijhout, H Fred and Abouheif, Ehab and Pfennig, David W},
  journal={Proceedings of the Royal Society of London B: Biological Sciences},
  volume={278},
  number={1719},
  pages={2705--2713},
  year={2011},
  publisher={The Royal Society}
}


@inproceedings{kriegman2017minimal,
  title={A Minimal Developmental Model Can Increase Evolvability in Soft Robots},
  author={Kriegman, Sam and Cheney, Nick and Corucci, Francesco and Bongard, Josh C},
  Booktitle={Proceedings of the Genetic and Evolutionary Computation Conference},
  pages={131--138},
  year={2017},
  organization={ACM}
}


@article{zykov2005robotics,
  title={Self-Reproducing Machines},
  author={Zykov, Victor and Mytilinaios, Efstathios and Adams, Bryant and Lipson, Hod},
  journal={Nature},
  volume={435},
  number={7039},
  pages={163--164},
  year={2005},
  publisher={Nature Publishing Group}
}


@inproceedings{corucci2016material,
  title={Material Properties Affect Evolution’s Ability to Exploit Morphological Computation in Growing Soft-Bodied Creatures},
  author={Corucci, Francesco and Cheney, Nick and Lipson, Hod and Laschi, Cecilia and Bongard, Josh},
   Booktitle={Alife},
    year={2016}
}

@inproceedings{ventrella1998designing,
  title={Designing Emergence in Animated Artificial Life Worlds},
  author={Ventrella, Jeffrey},
  Booktitle={Virtual Worlds},
  pages={143--155},
  year={1998},
  organization={Springer}
}


@article{komosinski2003framsticks,
  title={The Framsticks System: Versatile Simulator of 3{D} Agents and Their Evolution},
  author={Komosinski, Maciej},
  journal={Kybernetes},
  volume={32},
  number={1/2},
  pages={156--173},
  year={2003},
  publisher={MCB UP Ltd}
}



@article{corucci2017evolutionary,
  title={Evolutionary Developmental Soft Robotics as a Framework to Study Intelligence and Adaptive Behavior in Animals and Plants},
  author={Corucci, Francesco and Cheney, Nick and Kriegman, Sam and Bongard, Josh and Laschi, Cecilia},
  journal={Frontiers in Robotics and AI},
  volume={4},
  pages={34},
  year={2017},
  publisher={Frontiers}
}


@article{bongard2016evolving,
  title={Evolving Soft Robots},
  author={Bongard, Josh C},
  journal={Soft Robotics},
  volume={3},
  number={2},
  pages={43--44},
  year={2016},
  publisher={Mary Ann Liebert, Inc. 140 Huguenot Street, 3rd Floor New Rochelle, NY 10801 USA}
}

@article{bongard2007automated,
  title={Automated Reverse Engineering of Nonlinear Dynamical Systems},
  author={Bongard, Josh and Lipson, Hod},
  journal={Proceedings of the National Academy of Sciences},
  volume={104},
  number={24},
  pages={9943--9948},
  year={2007},
  publisher={National Acad Sciences}
}

@article{crick1968origin,
  title={The Origin of the Genetic Code},
  author={Crick, Francis HC},
  journal={Journal of Molecular Biology},
  volume={38},
  number={3},
  pages={367--379},
  year={1968},
  publisher={Elsevier}
}


@article{minsky1961steps,
  title={Steps Toward Artificial Intelligence},
  author={Minsky, Marvin},
  journal={Proceedings of the IRE},
  volume={49},
  number={1},
  pages={8--30},
  year={1961},
  publisher={IEEE}
}

@book{feynman1985surely,
  Title={``Surely You're Joking, Mr. Feynman!'': Adventures of a Curious Character},
  author={Feynman, Richard P},
  year={1985}
}


@article{turing1950computing,
  title={Computing Machinery and Intelligence},
  author={Turing, Alan M},
  journal={Mind},
  volume={59},
  number={236},
  pages={433--460},
  year={1950},
  publisher={JSTOR}
}

@article{ackley1991interactions,
  title={Interactions Between Learning and Evolution},
  author={Ackley, David and Littman, Michael},
  journal={Artificial Life II},
  year={1992},
  publisher={Addison-Wesley}
}

@article{mayley1996landscapes,
  title={Landscapes, Learning Costs, and Genetic Assimilation},
  author={Mayley, Giles},
  journal={Evolutionary Computation},
  volume={4},
  number={3},
  pages={213--234},
  year={1996},
  publisher={MIT Press}
}





@article{nolfi1994learning,
  title={Learning and Evolution in Neural Networks},
  author={Nolfi, Stefano and Parisi, Domenico and Elman, Jeffrey L},
  journal={Adaptive Behavior},
  volume={3},
  number={1},
  pages={5--28},
  year={1994},
  publisher={Sage Publications Sage CA: Thousand Oaks, CA}
}

@inproceedings{miller1989designing,
  title={Designing Neural Networks Using Genetic Algorithms.},
  author={Miller, Geoffrey F and Todd, Peter M and Hegde, Shailesh U},
  Booktitle={Icga},
  volume={89},
  pages={379--384},
  year={1989}
}


@book{fisher1930genetical,
  Title={The Genetical Theory of Natural Selection},
  author={Fisher, Ronald Aylmer},
  year={1930},
  publisher={Oxford University Press}
}

@book{davis1867conservative,
  Title={Conservative Surgery},
  author={Davis, Henry Gassett},
  year={1867},
  publisher={Appleton}
}


@article {wolff1893gesetz,
  title = {The Law of Bone Transformation},
  author = {Wolff, Julius},
  journal = {German Medical Weekly (Deutsche Medizinische Wochenschrift)},
  volume = {19},
  number = {47},
  pages = {1222--1224},
  year = {1893},
  publisher = {{\ copyright} Georg Thieme Verlag, Stuttgart}
}

@inproceedings{smith1996evolution,
  title={Evolution--Natural and Artificial},
  author={Smith, John Maynard},
  year={1996},
  Booktitle={The Philosophy of Artificial Life},
  organization={Oxford University Press}
}

@book{koza1992genetic,
  Title={Genetic Programming: On the Programming of Computers by Means of Natural Selection},
  author={Koza, John R},
  volume={1},
  year={1992},
  publisher={MIT press}
}


@inproceedings{kriegman2017simulating,
  title={Simulating the Evolution of Soft and Rigid-Body Robots},
  author={Kriegman, Sam and Cappelle, Collin and Corucci, Francesco and Bernatskiy, Anton and Cheney, Nick and Bongard, Josh C},
  Booktitle={Proceedings of the Genetic and Evolutionary Computation Conference Companion},
  pages={1117--1120},
  year={2017},
  organization={ACM}
}



@article{bongard2011morphological,
  title={Morphological Change in Machines Accelerates the Evolution of Robust Behavior},
  author={Bongard, Josh C},
  journal={Proceedings of the National Academy of Sciences},
  volume={108},
  number={4},
  pages={1234--1239},
  year={2011},
  publisher={National Acad Sciences}
}


@inproceedings{french1994dynamically,
  title={Dynamically Constraining Connectionist Networks to Produce Distributed, Orthogonal Representations to Reduce Catastrophic Interference},
  author={French, Robert M},
  Booktitle={Proceedings of the 16th Annual Cog. Sci. Society Conference},
  year={1994}
}
 

@article{stearns1994fitness,
  title={Fitness Sensitivity and the Canalization of Life-History Traits},
  author={Stearns, Stephen C and Kawecki, Tadeusz J},
  journal={Evolution},
  volume={48},
  number={5},
  pages={1438--1450},
  year={1994},
  publisher={Wiley Online Library}
}

@article{stearns1995differential,
  title={The Differential Genetic and Environmental Canalization of Fitness Components in Drosophila Melanogaster},
  author={Stearns, Stephen C and Kaiser, Marcel and Kawecki, Tadeusz J},
  journal={Journal of Evolutionary Biology},
  volume={8},
  number={5},
  pages={539--557},
  year={1995},
  publisher={Wiley Online Library}
}

@article{sultan2000phenotypic,
  title={Phenotypic Plasticity for Plant Development, Function and Life History},
  author={Sultan, Sonia E},
  journal={Trends in Plant Science},
  volume={5},
  number={12},
  pages={537--542},
  year={2000},
  publisher={Elsevier}
}


@article{bongard2003evolving,
  title={Evolving Complete Agents Using Artificial Ontogeny},
  author={Bongard, Josh C and Pfeifer, Rolf},
  journal={Morpho-Functional Machines: The New Species (Designing Embodied Intelligence)},
  pages={237--258},
  year={2003}
}

@inproceedings{steltz2009jsel,
  title={Jsel: Jamming Skin Enabled Locomotion},
  author={Steltz, Erik and Mozeika, Annan and Rodenberg, Nick and Brown, Eric and Jaeger, Heinrich M},
  Booktitle={The IEEE/RSJ International Conference on Intelligent Robots and Systems (IROS)},
  pages={5672--5677},
  year={2009}
}


@article{pfeifer2012challenges,
  title={The Challenges Ahead for Bio-Inspired `Soft' Robotics},
  author={Pfeifer, Rolf and Lungarella, Max and Iida, Fumiya},
  journal={Communications of the ACM},
  volume={55},
  number={11},
  pages={76--87},
  year={2012},
  publisher={ACM}
}



@inproceedings{clune2010investigating,
  title={Investigating Whether Hyperneat Produces Modular Neural Networks},
  author={Clune, Jeff and Beckmann, Benjamin E and McKinley, Philip K and Ofria, Charles},
  Booktitle={Proceedings of the 12th Annual Conference on Genetic and Evolutionary Computation},
  pages={635--642},
  year={2010},
  organization={ACM}
}

@inproceedings{verbancsics2011constraining,
  title={Constraining Connectivity to Encourage Modularity in Hyperneat},
  author={Verbancsics, Phillip and Stanley, Kenneth O},
  Booktitle={Proceedings of the 13th Annual Conference on Genetic and Evolutionary Computation},
  pages={1483--1490},
  year={2011},
  organization={ACM}
}

@article{watson2016can,
  title={How Can Evolution Learn?},
  author={Watson, Richard A and Szathm{\'a}ry, E{\"o}rs},
  journal={Trends in Ecology \& Evolution},
  volume={31},
  number={2},
  pages={147--157},
  year={2016},
  publisher={Elsevier}
}

@article{mccloskey1989catastrophic,
  title={Catastrophic Interference in Connectionist Networks: The Sequential Learning Problem},
  author={McCloskey, Michael and Cohen, Neal J},
  journal={Psychology of Learning and Motivation},
  volume={24},
  pages={109--165},
  year={1989},
  publisher={Elsevier}
}

@article{french1999catastrophic,
  title={Catastrophic Forgetting in Connectionist Networks},
  author={French, Robert M},
  journal={Trends in Cognitive Sciences},
  volume={3},
  number={4},
  pages={128--135},
  year={1999},
  publisher={Elsevier}
}

@inproceedings{dellaert1994toward,
  title={Toward an Evolvable Model of Development for Autonomous Agent Synthesis},
  author={Dellaert, Frank and Beer, Randall D},
  Booktitle={Artificial Life IV, Proceedings of the Fourth International Workshop on the Synthesis and Simulation of Living Systems},
  pages={246--257},
  year={1994},
  organization={MIT Press}
}

@inproceedings{dellaert1996developmental,
  title={A Developmental Model for the Evolution of Complete Autonomous Agents},
  author={Dellaert, Frank and Beer, Randall D},
  Booktitle={Proceedings of the Fourth International Conference on Simulation of Adaptive Behavior},
  year={1996}
}

@incollection{doursat2009organically,
  title={Organically Grown Architectures: Creating Decentralized, Autonomous Systems by Embryomorphic Engineering},
  author={Doursat, Ren{\'e}},
  Booktitle={Organic Computing},
  pages={167--199},
  year={2009},
  publisher={Springer}
}

@inproceedings{miller2004evolving,
  title={Evolving a Self-Repairing, Self-Regulating, French Flag Organism},
  author={Miller, Julian Francis},
  Booktitle={Genetic and Evolutionary Computation Conference},
  pages={129--139},
  year={2004},
  organization={Springer}
}


@Article{Bongard01,
author = {Josh C Bongard and Rolf Pfeifer},
TITLE = {Repeated Structure and Dissociation of Genotypic and Phenotypic Complexity in {A}rtificial {O}ntogeny},
editor = {Lee Spector and E.~D. Goodman},
journal = {Proceedings of the Genetic and Evolutionary Computation Conference (GECCO)},
pages = {829-836},
year = 2001}


@inproceedings{lichtensteiger1999evolving,
  title={Evolving the Morphology of a Compound Eye on a Robot},
  author={Lichtensteiger, Lukas and Eggenberger, Peter},
  Booktitle={The Third European Workshop on Advanced Mobile Robots (Eurobot)},
  pages={127--134},
  year={1999},
  organization={IEEE}
}

@inproceedings{cheney2014automated,
  title={Automated Vibrational Design and Natural Frequency Tuning of Multi-Material Structures},
  author={Cheney, Nicholas and Ritz, Ethan and Lipson, Hod},
  Booktitle={Proceedings of the 2014 Annual Conference on Genetic and Evolutionary Computation},
  pages={1079--1086},
  year={2014},
  organization={ACM}
}

@inproceedings{vaughan2004evolution,
  title={The Evolution of Control and Adaptation in a 3{D} Powered Passive Dynamic Walker},
  author={Vaughan, Eric D and Di Paolo, Ezequiel and Harvey, Inman R},
  Booktitle={Proceedings of the Ninth International Conference on the Simulation and Synthesis of Living Systems, Artificial Life IX},
  pages={139--145},
  year={2004},
  organization={MIT Press}
}


@book{merleau2012phenomenology,
  Title={Phenomenology of Perception, Trans. Donald A. Landes, 2012},
  author={Merleau-Ponty, Maurice},
  year={1945},
  publisher={Routledge}
}


@book{waddington1957strategy,
  Title={The Strategy of the Genes},
  author={Waddington, Conrad H},
  year={1957},
  publisher={George Allen \& Unwin Ltd, London}
}

@inproceedings{sims1994evolving,
  title={Evolving Virtual Creatures},
  author={Sims, Karl},
  Booktitle={Proceedings of the 21st Annual Conference on Computer Graphics and Interactive Techniques},
  pages={15--22},
  year={1994},
  organization={ACM}
}

@article{yim2007modular,
  title={Modular Self-Reconfigurable Robot Systems [Grand Challenges of Robotics]},
  author={Yim, Mark and Shen, Wei-Min and Salemi, Behnam and Rus, Daniela and Moll, Mark and Lipson, Hod and Klavins, Eric and Chirikjian, Gregory S},
  journal={IEEE Robotics \& Automation Magazine},
  volume={14},
  number={1},
  pages={43--52},
  year={2007},
  publisher={IEEE}
}

@book{lewontin2001triple,
  Title={The Triple Helix: Gene, Organism, and Environment},
  author={Lewontin, Richard C},
  year={2001},
  publisher={Harvard University Press}
}


@article{carlson2005ugvs,
  title={How {UGVs} Physically Fail in the Field},
  author={Carlson, Jennifer and Murphy, Robin R},
  journal={IEEE Transactions on Robotics},
  volume={21},
  number={3},
  pages={423--437},
  year={2005},
  publisher={IEEE}
}

@article{szegedy2013intriguing,
  title={Intriguing Properties of Neural Networks},
  author={Szegedy, Christian and Zaremba, Wojciech and Sutskever, Ilya and Bruna, Joan and Erhan, Dumitru and Goodfellow, Ian and Fergus, Rob},
  journal={arXiv Preprint arXiv:1312.6199},
  year={2013}
}

@article{su2017one,
  title={One Pixel Attack for Fooling Deep Neural Networks},
  author={Su, Jiawei and Vargas, Danilo Vasconcellos and Kouichi, Sakurai},
  journal={arXiv Preprint arXiv:1710.08864},
  year={2017}
}

@inproceedings{nguyen2015deep,
  title={Deep Neural Networks Are Easily Fooled: High Confidence Predictions for Unrecognizable Images},
  author={Nguyen, Anh and Yosinski, Jason and Clune, Jeff},
  Booktitle={Proceedings of the IEEE Conference on Computer Vision and Pattern Recognition},
  pages={427--436},
  year={2015}
}

@article{brown2017adversarial,
  title={Adversarial Patch},
  author={Brown, Tom B and Man{\'e}, Dandelion and Roy, Aurko and Abadi, Mart{\'\i}n and Gilmer, Justin},
  journal={arXiv Preprint arXiv:1712.09665},
  year={2017}
}

@article{goodfellow2013empirical,
  title={An Empirical Investigation of Catastrophic Forgetting in Gradient-Based Neural Networks},
  author={Goodfellow, Ian and Mirza, Mehdi and Xiao, Da and Courville, Aaron and Bengio, Yoshua},
  journal={arXiv Preprint arXiv:1312.6211},
  year={2013}
}

@book{popper1972objective,
  Title={Objective Knowledge: An Evolutionary Approach},
  author={Karl R Popper},
  year={1972},
  publisher={Clarendon Press}
}

@inproceedings{athalye2018synthesizing,
  title={Synthesizing Robust Adversarial Examples},
  author={Athalye, Anish and Engstrom, Logan and Ilyas, Andrew and Kwok, Kevin},
  Booktitle={International Conference on Machine Learning},
  pages={284--293},
  year={2018}
}

@book{pask1961approach,
  Title={An Approach to Cybernetics},
  author={Pask, Gordon},
  year={1961},
  publisher={Hutchinson}
}

@article{conant1970every,
  title={Every Good Regulator of a System Must Be a Model of That System},
  author={Conant, Roger C and Ashby, W Ross},
  journal={International Journal of Systems Science},
  volume={1},
  number={2},
  pages={89--97},
  year={1970},
  publisher={Taylor \& Francis}
}




@article{lehman2017safe,
  title={Safe Mutations for Deep and Recurrent Neural Networks Through Output Gradients},
  author={Lehman, Joel and Chen, Jay and Clune, Jeff and Stanley, Kenneth O},
  journal={arXiv Preprint arXiv:1712.06563},
  year={2017}
}

@article{yuen2016fabric,
  title={Active Variable Stiffness Fibers for Multifunctional Robotic Fabrics},
  author={Yuen, Michelle C and Bilodeau, R Adam and Kramer, Rebecca K},
  journal={IEEE Robotics and Automation Letters},
  volume={1},
  number={2},
  pages={708--715},
  year={2016},
  publisher={IEEE}
}


@article{felton2014folding,
  title={A Method for Building Self-Folding Machines},
  author={Felton, S and Tolley, M and Demaine, E and Rus, D and Wood, R},
  journal={Science},
  volume={345},
  number={6197},
  pages={644--646},
  year={2014},
  publisher={American Association for the Advancement of Science}
}


@article{shepherd2011multigait,
  title={Multigait Soft Robot},
  author={Shepherd, Robert F and Ilievski, Filip and Choi, Wonjae and Morin, Stephen A and Stokes, Adam A and Mazzeo, Aaron D and Chen, Xin and Wang, Michael and Whitesides, George M},
  journal={Proceedings of the National Academy of Sciences},
  volume={108},
  number={51},
  pages={20400--20403},
  year={2011},
  publisher={National Acad Sciences}
}


@article{koos2013transferability,
  title={The Transferability Approach: Crossing the Reality Gap in Evolutionary Robotics},
  author={Koos, Sylvain and Mouret, Jean-Baptiste and Doncieux, St{\'e}phane},
  journal={IEEE Transactions on Evolutionary Computation},
  volume={17},
  number={1},
  pages={122--145},
  year={2013},
  publisher={IEEE}
}


@article{cully2015robots,
  title={Robots That Can Adapt Like Animals},
  author={Cully, Antoine and Clune, Jeff and Tarapore, Danesh and Mouret, Jean-Baptiste},
  journal={Nature},
  volume={521},
  pages={503--507},
  year={2015}
}

@book{thrun2005probabilistic,
  Title={Probabilistic Robotics},
  author={Thrun, Sebastian and Burgard, Wolfram and Fox, Dieter},
  year={2005},
  publisher={MIT Press}
}

@article{rus2015design,
  title={Design, Fabrication and Control of Soft Robots},
  author={Rus, Daniela and Tolley, Michael T},
  journal={Nature},
  volume={521},
  number={7553},
  pages={467--475},
  year={2015},
  publisher={Nature Research}
}


@article{merleau1961eye,
  title={Eye and Mind},
  author={Merleau-Ponty, Maurice},
  journal={Images: A Reader},
  pages={131--134},
  year={1961}
}


@article{egbert2016adapting,
  title={Adapting to Adaptations: Behavioural Strategies That Are Robust to Mutations and Other Organisational-Transformations},
  author={Egbert, Matthew D and P{\'e}rez-Mercader, Juan},
  journal={Scientific Reports},
  volume={6},
  pages={18963},
  year={2016},
  publisher={Nature Publishing Group}
}

@article{zoph2016neural,
  title={Neural Architecture Search With Reinforcement Learning},
  author={Zoph, Barret and Le, Quoc V},
  journal={arXiv Preprint arXiv:1611.01578},
  year={2016}
}

@article{miikkulainen2017evolving,
  title={Evolving Deep Neural Networks},
  author={Miikkulainen, Risto and Liang, Jason and Meyerson, Elliot and Rawal, Aditya and Fink, Dan and Francon, Olivier and Raju, Bala and Navruzyan, Arshak and Duffy, Nigel and Hodjat, Babak},
  journal={arXiv Preprint arXiv:1703.00548},
  year={2017}
}


@article{majidi2014soft,
  title={Soft Robotics: A Perspective---Current Trends and Prospects for the Future},
  author={Majidi, Carmel},
  journal={Soft Robotics},
  volume={1},
  number={1},
  pages={5--11},
  year={2014},
  publisher={Mary Ann Liebert, Inc. 140 Huguenot Street, 3rd Floor New Rochelle, NY 10801 USA}
}


@article{simpson1953baldwin,
  title={The Baldwin Effect},
  author={Simpson, George Gaylord},
  journal={Evolution},
  volume={7},
  number={2},
  pages={110--117},
  year={1953},
  publisher={Wiley Online Library}
}

@article{ancel1999quantitative,
  title={A Quantitative Model of the Simpson--Baldwin Effect},
  author={Ancel, Lauren W},
  journal={Journal of Theoretical Biology},
  volume={196},
  number={2},
  pages={197--209},
  year={1999},
  publisher={Elsevier}
}


@article{fernando2018meta,
  title={Meta Learning by the Baldwin Effect},
  author={Fernando, Chrisantha Thomas and Sygnowski, Jakub and Osindero, Simon and Wang, Jane and Schaul, Tom and Teplyashin, Denis and Sprechmann, Pablo and Pritzel, Alexander and Rusu, Andrei A},
  journal={arXiv Preprint arXiv:1806.07917},
  year={2018}
}

@article{ancel2000undermining,
  title={Undermining the Baldwin Expediting Effect: Does Phenotypic Plasticity Accelerate Evolution?},
  author={Ancel, Lauren W},
  journal={Theoretical Population Biology},
  volume={58},
  number={4},
  pages={307--319},
  year={2000},
  publisher={Elsevier}
}


@article{santos2015phenotypic,
  title={Phenotypic Plasticity, the Baldwin Effect, and the Speeding Up of Evolution: The Computational Roots of an Illusion},
  author={Santos, Mauro and Szathm{\'a}ry, E{\"o}rs and Fontanari, Jos{\'e} F},
  journal={Journal of Theoretical Biology},
  volume={371},
  pages={127--136},
  year={2015},
  publisher={Elsevier}
}


@inproceedings{brooks1992artificial,
  Title={Artificial Life and Real Robots},
  author={Brooks, Rodney A},
  Booktitle={Proc. First European Conference on Artificial Life},
  pages={3--11},
  year={1992}
}

@article{ruff2006s,
  title={Who's Afraid of the Big Bad Wolff?: ``Wolff's Law'' and Bone Functional Adaptation},
  author={Ruff, Christopher and Holt, Brigitte and Trinkaus, Erik},
  journal={American Journal of Physical Anthropology},
  volume={129},
  number={4},
  pages={484--498},
  year={2006},
  publisher={Wiley Online Library}
}

%%%%%  begin RoboSoft %%%%%%%%%%%%%%%5


@article{hwangbo2019learning,
  title={Learning Agile and Dynamic Motor Skills for Legged Robots},
  author={Hwangbo, Jemin and Lee, Joonho and Dosovitskiy, Alexey and Bellicoso, Dario and Tsounis, Vassilios and Koltun, Vladlen and Hutter, Marco},
  journal={Science Robotics},
  volume={4},
  number={26},
  elocation-id={eaau5872},
  year={2019},
  blah={https://doi.org/10.1126/scirobotics.aau5872},
  publisher={Science Robotics}
}

@inproceedings{jakobi1995noise,
  title={Noise and the Reality Gap: The Use of Simulation in Evolutionary Robotics},
  author={Jakobi, Nick and Husbands, Phil and Harvey, Inman},
  Booktitle={European Conference on Artificial Life},
  pages={704--720},
  year={1995},
  organization={Springer},
  blah={https://doi.org/10.1007/3-540-59496-5_337}
}

@inproceedings{matas2018sim,
  title={Sim-To-Real Reinforcement Learning for Deformable Object Manipulation},
  author={Matas, Jan and James, Stephen and Davison, Andrew J},
  Booktitle={Proceedings of the 2nd Conference on Robot Learning},
  year={2018},
  pages={734--743},
  volume={87},
  series={Proceedings of Machine Learning Research},
  publisher={PMLR},
  blah={http://proceedings.mlr.press/v87/matas18a.html}
}



@article {kwiatkowski2019task,
  author = {Kwiatkowski, Robert and Lipson, Hod},
  title = {Task-Agnostic Self-Modeling Machines},
  volume = {4},
  number = {26},
  elocation-id = {eaau9354},
  year = {2019},
  publisher = {Science Robotics},
  blah={http://doi.org/10.1126/scirobotics.aau9354},
  journal = {Science Robotics}
}


@article{hiller2012automatic,
  title={Automatic Design and Manufacture of Soft Robots},
  author={Hiller, Jonathan and Lipson, Hod},
  journal={IEEE Transactions on Robotics},
  volume={28},
  number={2},
  pages={457--466},
  year={2012},
  blah={https://doi.org/10.1109/TRO.2011.2172702}
}


@book{alexander1988elastic,
  Title={Elastic Mechanisms in Animal Movement},
  author={Alexander, R McNeill},
  year={1988},
  isbn={9780521349680},
  publisher={Cambridge University Press Cambridge}
}

@inproceedings{zykov2007molecubes,
  title={Molecubes: An Open-Source Modular Robotics Kit},
  author={Zykov, Victor and Chan, Andrew and Lipson, Hod},
  year={2007},
  Booktitle={IROS Self-Reconfigurable Robotics Workshop},
  blah={http://molecubes.org}
}

@article{akkaya2019solving,
  title={Solving {Rubik's} Cube With a Robot Hand},
  author={Akkaya, Ilge and Andrychowicz, Marcin and Chociej, Maciek and Litwin, Mateusz and McGrew, Bob and Petron, Arthur and Paino, Alex and Plappert, Matthias and Powell, Glenn and Ribas, Raphael and others},
  journal={arXiv Preprint},
  year={2019},
  blah={https://arxiv.org/abs/1910.07113}
}

@inproceedings{tan2018sim,
  title={Sim-To-Real: Learning Agile Locomotion for Quadruped Robots},
  author={Tan, Jie and Zhang, Tingnan and Coumans, Erwin and Iscen, Atil and Bai, Yunfei and Hafner, Danijar and Bohez, Steven and Vanhoucke, Vincent},
  Booktitle={Proceedings of Robotics: Science and Systems},
  blah={https://doi.org/10.15607/RSS.2018.XIV.010},
  year={2018}
}

@inproceedings{peng2018sim,
  title={Sim-To-Real Transfer of Robotic Control With Dynamics Randomization},
  author={Peng, Xue Bin and Andrychowicz, Marcin and Zaremba, Wojciech and Abbeel, Pieter},
  Booktitle={The IEEE International Conference on Robotics and Automation (ICRA)},
  year={2018},
  blah={https://doi.org/10.1109/ICRA.2018.8460528}
}

@inproceedings{tobin2017domain,
  title={Domain Randomization for Transferring Deep Neural Networks From Simulation to the Real World},
  author={Tobin, Josh and Fong, Rachel and Ray, Alex and Schneider, Jonas and Zaremba, Wojciech and Abbeel, Pieter},
  Booktitle={The IEEE/RSJ International Conference on Intelligent Robots and Systems (IROS)},
  year={2017},
  blah={https://doi.org/10.1109/IROS.2017.8202133}
}

@article{koos2012transferability,
  title={The Transferability Approach: Crossing the Reality Gap in Evolutionary Robotics},
  author={Koos, Sylvain and Mouret, Jean-Baptiste and Doncieux, St{\'e}phane},
  journal={IEEE Transactions on Evolutionary Computation},
  volume={17},
  number={1},
  pages={122--145},
  year={2012},
  publisher={IEEE},
  blah={https://doi.org/10.1109/TEVC.2012.2185849}
}


@article{hauser2019resilient,
  title={Resilient Machines Through Adaptive Morphology},
  author={Hauser, Helmut},
  journal={Nature Machine Intelligence},
  pages={1},
  year={2019},
  publisher={Nature Publishing Group},
  blah={https://doi.org/10.1038/s42256-019-0076-6}
}

@inproceedings{sadeghi2018sim2real,
  title={Sim2real Viewpoint Invariant Visual Servoing by Recurrent Control},
  author={Sadeghi, Fereshteh and Toshev, Alexander and Jang, Eric and Levine, Sergey},
  Booktitle={Proceedings of the IEEE Conference on Computer Vision and Pattern Recognition},
  pages={4691--4699},
  year={2018},
  blah={https://doi.org/10.1109/CVPR.2018.00493}
}

@inproceedings{chebotar2019closing,
  title={Closing the Sim-To-Real Loop: Adapting Simulation Randomization With Real World Experience},
  author={Chebotar, Yevgen and Handa, Ankur and Makoviychuk, Viktor and Macklin, Miles and Issac, Jan and Ratliff, Nathan and Fox, Dieter},
  Booktitle={The International Conference on Robotics and Automation (ICRA)},
  pages={8973--8979},
  year={2019},
  organization={IEEE},
  blah={https://doi.org/10.1109/ICRA.2019.8793789}
}



@article{wang2016descent,
  title={Descent Methods for Elastic Body Simulation on the Gpu},
  author={Wang, Huamin and Yang, Yin},
  journal={ACM Transactions on Graphics (TOG)},
  volume={35},
  number={6},
  pages={212},
  year={2016},
  publisher={ACM},
  blah={https://doi.org/10.1145/2980179.2980236}
}


@inproceedings{rusu2017sim,
  title={Sim-To-Real Robot Learning From Pixels With Progressive Nets},
  author={Rusu, Andrei A and Ve{\v{c}}er{\'\i}k, Matej and Roth{\"o}rl, Thomas and Heess, Nicolas and Pascanu, Razvan and Hadsell, Raia},
  Booktitle={Conference on Robot Learning},
  pages={262--270},
  year={2017},
  organization={PMLR}
}

@InProceedings{james2017transferring,
  title ={Transferring End-To-End Visuomotor Control From Simulation to Real World for a Multi-Stage Task},
  author ={Stephen James and Andrew J. Davison and Edward Johns},
  Booktitle ={Proceedings of the 1st Annual Conference on Robot Learning},
  pages ={334--343},
  year ={2017},
  volume ={78},
  series ={Proceedings of Machine Learning Research},
  publisher ={PMLR},
  blah ={http://proceedings.mlr.press/v78/james17a.html},
}

@article{rosser2019sim2real,
  title={Sim2real Transfer Degrades Non-Monotonically With Morphological Complexity for Flapping Wing Design},
  author={Rosser, Kent and Kok, Jia and Chahl, Javaan and Bongard, Josh},
  year={2019},
  journal={arXiv Preprint},
  blah={https://arxiv.org/abs/1910.13790}
}

@article{bharadhwaj2018data,
  title={A Data-Efficient Framework for Training and Sim-To-Real Transfer of Navigation Policies},
  author={Bharadhwaj, Homanga and Wang, Zihan and Bengio, Yoshua and Paull, Liam},
  journal={arXiv Preprint},
  blah={https://arxiv.org/abs/1810.04871},
  year={2018}
}

@INPROCEEDINGS{Pinto-RSS-18, 
    AUTHOR={Lerrel Pinto AND Marcin Andrychowicz AND Peter Welinder AND Wojciech Zaremba AND Pieter Abbeel}, 
    TITLE= {Asymmetric Actor Critic for Image-Based Robot Learning}, 
    BOOKTITLE={Proceedings of Robotics: Science and Systems}, 
    YEAR= {2018}, 
    blah= {https://doi.org/10.15607/RSS.2018.XIV.008} 
} 

@InProceedings{pmlr-v87-golemo18a,
  title ={Sim-To-Real Transfer With Neural-Augmented Robot Simulation},
  author ={Golemo, Florian and Taiga, Adrien Ali and Courville, Aaron and Oudeyer, Pierre-Yves},
  Booktitle ={Proceedings of the 2nd Conference on Robot Learning},
  pages ={817--828},
  year ={2018},
  volume ={87},
  series ={Proceedings of Machine Learning Research},
  publisher ={PMLR},
  blah ={http://proceedings.mlr.press/v87/golemo18a.html},
  }


@article{Miglino1994Selection,
author = {Miglino, Orazio and Nafasi, Kourosh and Taylor, Charles E.},
Title = {Selection for wandering behavior in a small robot},
journal = {Artificial Life},
volume = {2},
number = {1},
pages = {101-116},
year = {1994},
blah = {https://doi.org/10.1162/artl.1994.2.1.101},
}

@article{HARVEY1997205,
Title = "Evolutionary robotics: the sussex approach",
journal = "Robotics and Autonomous Systems",
volume = "20",
number = "2",
pages = "205 - 224",
year = "1997",
issn = "0921-8890",
blah = "https://doi.org/10.1016/S0921-8890(96)00067-X",
author = "I. Harvey and P. Husbands and D. Cliff and A. Thompson and N. Jakobi"
}

@article{miglino1995evolving,
  title={Evolving Mobile Robots in Simulated and Real Environments},
  author={Miglino, Orazio and Lund, Henrik Hautop and Nolfi, Stefano},
  journal={Artificial Life},
  volume={2},
  number={4},
  pages={417--434},
  year={1995},
  publisher={MIT Press},
  blah={https://doi.org/10.1162/artl.1995.2.4.417}
}

@inproceedings{tobin2018domain,
  title={Domain Randomization and Generative Models for Robotic Grasping},
  author={Tobin, Josh and Biewald, Lukas and Duan, Rocky and Andrychowicz, Marcin and Handa, Ankur and Kumar, Vikash and McGrew, Bob and Ray, Alex and Schneider, Jonas and Welinder, Peter and others},
  Booktitle={The IEEE/RSJ International Conference on Intelligent Robots and Systems (IROS)},
  pages={3482--3489},
  year={2018},
  blah={https://doi.org/10.1109/IROS.2018.8593933}
}
  
@INPROCEEDINGS{Fox-RSS-19, 
    AUTHOR    = {Fabio Ramos AND Rafael Possas AND Dieter Fox}, 
    TITLE     = {BayesSim: Adaptive Domain Randomization Via Probabilistic Inference for Robotics Simulators}, 
    BOOKTITLE = {Proceedings of Robotics: Science and Systems}, 
    YEAR      = {2019}, 
    URL       = {https://doi.org/10.15607/RSS.2019.XV.029} 
} 



@inproceedings{moeckel2013gait,
  title={Gait Optimization for Roombots Modular Robots--Matching Simulation and Reality},
  author={Moeckel, Rico and Perov, Yura N and Nguyen, Anh The and Vespignani, Massimo and Bonardi, St{\'e}phane and Pouya, Soha and Sproewitz, Alexander and van den Kieboom, Jesse and Wilhelm, Fr{\'e}d{\'e}ric and Ijspeert, Auke Jan},
  Booktitle={The IEEE/RSJ International Conference on Intelligent Robots and Systems (IROS)},
  pages={3265--3272},
  year={2013},
  blah={https://doi.org/10.1109/IROS.2013.6696820}
}

@inproceedings{nachum2019multi,
  title={Multi-Agent Manipulation via Locomotion Using Hierarchical Sim2real},
  author={Nachum, Ofir and Ahn, Michael and Ponte, Hugo and Gu, Shixiang and Kumar, Vikash},
  Booktitle={Proceedings of the 3rd Conference on Robot Learning},
  year={2019},
  blah={https://arxiv.org/abs/1908.05224}
}


@article{levin2013reprogramming,
author = {Levin, Michael},
Title = {Reprogramming cells and tissue patterning via bioelectrical pathways: molecular mechanisms and biomedical opportunities},
journal = {Wiley Interdisciplinary Reviews: Systems Biology and Medicine},
volume = {5},
number = {6},
pages = {657-676},
blah = {https://doi.org/10.1002/wsbm.1236},
year = {2013}
}

@article{caluwaerts2014design,
  title={Design and Control of Compliant Tensegrity Robots Through Simulation and Hardware Validation},
  author={Caluwaerts, Ken and Despraz, J{\'e}r{\'e}mie and I{\c{s}}{\c{c}}en, At{\i}l and Sabelhaus, Andrew P and Bruce, Jonathan and Schrauwen, Benjamin and SunSpiral, Vytas},
  journal={Journal of the Royal Society Interface},
  volume={11},
  number={98},
  pages={20140520},
  year={2014},
  publisher={The Royal Society},
  blah={https://doi.org/10.1098/rsif.2014.0520}
}


@inproceedings{collins2019quantifying,
  title={Quantifying the Reality Gap in Robotic Manipulation Tasks},
  author={Collins, Jack and Howard, David and Leitner, Jurgen},
  Booktitle={The International Conference on Robotics and Automation (ICRA)},
  pages={6706--6712},
  year={2019},
  organization={IEEE},
  blah={https://doi.org/10.1109/ICRA.2019.8793591}
}

@article{majidi2013influence,
  title={Influence of Surface Traction on Soft Robot Undulation},
  author={Majidi, Carmel and Shepherd, Robert F and Kramer, Rebecca K and Whitesides, George M and Wood, Robert J},
  journal={The International Journal of Robotics Research},
  volume={32},
  number={13},
  pages={1577--1584},
  year={2013},
  publisher={SAGE},
  blah={https://doi.org/10.1177/0278364913498432}
}


%%%%% end of RoboSoft %%%%%

%%%%%%%% begin gecco 2017 %%%%%%%



@article{kouvaris2017evolution,
  title={How Evolution Learns to Generalise: Using the Principles of Learning Theory to Understand the Evolution of Developmental Organisation.},
  author={Kouvaris, Kostas and Clune, Jeff and Kounios, Loizos and Brede, Markus and Watson, Richard},
  journal={PLoS Computational Biology},
  pages={1--41},
  year={2017}
}


@article{Ruff06,
  title={{Who's Afraid of the Big Bad Wolff?:``Wolff's Law'' and Bone Functional Adaptation}},
  author={Christopher Ruff, Brigitte Holt, Erik Trinkaus},
  journal={Am J Phys Anthropol},
  volume={129},
  number={4},
  pages={484--498},
  year={2006}
}


@book{dawkins1976selfish,
  Title={The Selfish Gene},
  author={Dawkins, Richard},
  year={1976},
  publisher={Oxford university press}
}

@book{dawkins1982extended,
  Title={The Extended Phenotype: The Long Reach of the Gene},
  author={Dawkins, Richard},
  year={1982},
  publisher={Oxford University Press}
}


@article{McGeer01041990,
  author = {McGeer, Tad}, 
  title = {\href{http://ijr.sagepub.com/content/9/2/62.abstract}{Passive Dynamic Walking}}, 
  volume = {9}, 
  number = {2}, 
  pages = {62-82}, 
  year = {1990}, 
  ndoi =  {10.1177/027836499000900206}, 
  blah = {http://ijr.sagepub.com/content/9/2/62.abstract}, 
  eprint = {http://ijr.sagepub.com/content/9/2/62.full.pdf+html}, 
  journal = {The International Journal of Robotics Research}
}

@article{kalman1960new,
  title={A New Approach to Linear Filtering and Prediction Problems},
  author={Kalman, R.E.},
  journal={Journal of Basic Engineering},
  volume={82},
  number={1},
  pages={35--45},
  year={1960},
  publisher={Citeseer}
}

@book{braitenberg1986vehicles,
  Title={Vehicles: Experiments in Synthetic Psychology},
  author={Braitenberg, Valentino},
  year={1986},
  publisher={MIT press}
}


@book{lewontin2001triple,
  Title={The Triple Helix: Gene, Organism, and Environment},
  author={Lewontin, Richard C},
  year={2001},
  publisher={Harvard University Press}
}



@inproceedings{Cheney:2015:ESR:2739480.2754662,
  title={Evolving Soft Robots in Tight Spaces},
  author={Cheney, Nick and Bongard, Josh C and Lipson, Hod},
  Booktitle={Proceedings of the 2015 Annual Conference on Genetic and Evolutionary Computation},
  pages={935--942},
  year={2015},
  organization={ACM}
}



@article{Shepherd20122011,
author = {Shepherd, Robert F. and Ilievski, Filip and Choi, Wonjae and Morin, Stephen A. and Stokes, Adam A. and Mazzeo, Aaron D. and Chen, Xin and Wang, Michael and Whitesides, George M.}, 
Title = {Multigait soft robot},
volume = {108}, 
number = {51}, 
pages = {20400-20403}, 
year = {2011}, 
ndoi =  {10.1073/pnas.1116564108}, 
abstract ={This manuscript describes a unique class of locomotive robot: A soft robot, composed exclusively of soft materials (elastomeric polymers), which is inspired by animals (e.g., squid, starfish, worms) that do not have hard internal skeletons. Soft lithography was used to fabricate a pneumatically actuated robot capable of sophisticated locomotion (e.g., fluid movement of limbs and multiple gaits). This robot is quadrupedal; it uses no sensors, only five actuators, and a simple pneumatic valving system that operates at low pressures (< 10 psi). A combination of crawling and undulation gaits allowed this robot to navigate a difficult obstacle. This demonstration illustrates an advantage of soft robotics: They are systems in which simple types of actuation produce complex motion.}, 
blah = {http://www.pnas.org/content/108/51/20400.abstract}, 
eprint = {http://www.pnas.org/content/108/51/20400.full.pdf}, 
journal = {Proceedings of the National Academy of Sciences} 
}

@article{wehner2016integrated,
  title={An Integrated Design and Fabrication Strategy for Entirely Soft, Autonomous Robots},
  author={Wehner, Michael and Truby, Ryan L and Fitzgerald, Daniel J and Mosadegh, Bobak and Whitesides, George M and Lewis, Jennifer A and Wood, Robert J},
  journal={Nature},
  volume={536},
  number={7617},
  pages={451--455},
  year={2016},
  ndoi= {10.1038/nature19100},
  publisher={Nature Research},
  blah={http://www.nature.com/nature/journal/v536/n7617/abs/nature19100.html}
}



@article{lin2011goqbot,
  author={Huai-Ti Lin and Gary G Leisk and Barry Trimmer},
  title={GoQBot: A Caterpillar-Inspired Soft-Bodied Rolling Robot},
  journal={Bioinspiration \& Biomimetics},
  volume={6},
  number={2},
  pages={026007},
  blah={http://stacks.iop.org/1748-3190/6/i=2/a=026007},
  ndoi= {doi:10.1088/1748-3182/6/2/026007},
  year={2011},
  abstract={Rolling locomotion using an external force such as gravity has evolved many times. However, some caterpillars can curl into a wheel and generate their own rolling momentum as part of an escape repertoire. This change in body conformation occurs well within 100 ms and generates a linear velocity over 0.2 m s −1 , making it one of the fastest self-propelled wheeling behaviors in nature. Inspired by this behavior, we construct a soft-bodied robot to explore the dynamics and control issues of ballistic rolling. This robot, called GoQBot, closely mimics caterpillar rolling. Analyzing the whole body kinematics and 2D ground reaction forces at the robot ground anchor reveals about 1 G of acceleration and more than 200 rpm of angular velocity. As a novel rolling robot, GoQBot demonstrates how morphing can produce new modes of locomotion. Furthermore, mechanical coupling of the actuators improves body coordination without sensory feedback. Such coupling is intrinsic to soft-bodied animals because there are no joints to isolate muscle-generated movements. Finally, GoQBot provides an estimate of the mechanical power for caterpillar rolling that is comparable to that of a locust jump. How caterpillar musculature produces such power in such a short time is yet to be discovered.}
}
	
    
@article{mosadegh2014pneumatic,
  title={Pneumatic Networks for Soft Robotics That Actuate Rapidly},
  author={Mosadegh, Bobak and Polygerinos, Panagiotis and Keplinger, Christoph and Wennstedt, Sophia and Shepherd, Robert F and Gupta, Unmukt and Shim, Jongmin and Bertoldi, Katia and Walsh, Conor J and Whitesides, George M},
  journal={Advanced Functional Materials},
  volume={24},
  number={15},
  pages={2163--2170},
  year={2014},
  publisher={Wiley Online Library},
  ndoi= {10.1002/adfm.201303288},
  blah={http://onlinelibrary.wiley.com/doi/10.1002/adfm.201303288/full}
}


@article {Atamian587,
	author = {Atamian, Hagop S. and Creux, Nicky M. and Brown, Evan A. and Garner, Austin G. and Blackman, Benjamin K. and Harmer, Stacey L.},
	title = {Circadian Regulation of Sunflower Heliotropism, Floral Orientation, and Pollinator Visits},
	volume = {353},
	number = {6299},
	pages = {587--590},
	year = {2016},
	ndoi =  {10.1126/science.aaf9793},
	publisher = {American Association for the Advancement of Science},
	abstract = {The growth of immature sunflower plants tracks the Sun{\textquoteright}s movement. The young plants lean westward as the day progresses but reorient to the east each night. As the flowers mature and open, they settle into a stable east-facing orientation. Atamian et al. show how circadian rhythms regulate the east-west elongation of cells in the young plants{\textquoteright} stems (see the Perspective by Briggs). They show that eastward-oriented flowers are warmer than westward-oriented flowers, and this warmth attracts pollinators. Auxin signaling pathways in the stem coordinate to fix the eastward orientation of the mature plant.Science, this issue p. 587; see also p. 541Young sunflower plants track the Sun from east to west during the day and then reorient during the night to face east in anticipation of dawn. In contrast, mature plants cease movement with their flower heads facing east. We show that circadian regulation of directional growth pathways accounts for both phenomena and leads to increased vegetative biomass and enhanced pollinator visits to flowers. Solar tracking movements are driven by antiphasic patterns of elongation on the east and west sides of the stem. Genes implicated in control of phototropic growth, but not clock genes, are differentially expressed on the opposite sides of solar tracking stems. Thus, interactions between environmental response pathways and the internal circadian oscillator coordinate physiological processes with predictable changes in the environment to influence growth and reproduction.},
	issn = {0036-8075},
}

@article{tolley2014resilient,
  title={A Resilient, Untethered Soft Robot},
  author={Tolley, Michael T and Shepherd, Robert F and Mosadegh, Bobak and Galloway, Kevin C and Wehner, Michael and Karpelson, Michael and Wood, Robert J and Whitesides, George M},
  journal={Soft Robotics},
  volume={1},
  number={3},
  pages={213--223},
  year={2014},
  ndoi= {10.1089/soro.2014.0008},
  blah={http://online.liebertpub.com/doi/abs/10.1089/soro.2014.0008},
  publisher={Mary Ann Liebert, Inc. 140 Huguenot Street, 3rd Floor New Rochelle, NY 10801 USA}
}


@article {Bartlett161,
	author = {Bartlett, Nicholas W. and Tolley, Michael T. and Overvelde, Johannes T. B. and Weaver, James C. and Mosadegh, Bobak and Bertoldi, Katia and Whitesides, George M. and Wood, Robert J.},
	title = {A 3{D}-Printed, Functionally Graded Soft Robot Powered by Combustion},
	volume = {349},
	number = {6244},
	pages = {161--165},
	year = {2015},
	ndoi =  {10.1126/science.aab0129},
	publisher = {American Association for the Advancement of Science},
	abstract = {In the future, soft-bodied robots may be able to squeeze into tight spaces or work in environments where they could be crushed. However, it is hard to ensure efficient power transmission in a soft-bodied device. One promising solution is to use explosions to drive the robot, using efficient weight-to-power energy sources. Using three-dimensional printing to fuse together multiple materials, Bartlett et al. built a combustion-powered robot. The robot has a rigid core that transitions to a soft exterior. They produced an efficient jumping robot in which the gradations in the hardness of the body materials also improved robustness.Science, this issue p. 161Roboticists have begun to design biologically inspired robots with soft or partially soft bodies, which have the potential to be more robust and adaptable, and safer for human interaction, than traditional rigid robots. However, key challenges in the design and manufacture of soft robots include the complex fabrication processes and the interfacing of soft and rigid components. We used multimaterial three-dimensional (3D) printing to manufacture a combustion-powered robot whose body transitions from a rigid core to a soft exterior. This stiffness gradient, spanning three orders of magnitude in modulus, enables reliable interfacing between rigid driving components (controller, battery, etc.) and the primarily soft body, and also enhances performance. Powered by the combustion of butane and oxygen, this robot is able to perform untethered jumping.},
	issn = {0036-8075},
	blah = {http://science.sciencemag.org/content/349/6244/161},
	eprint = {http://science.sciencemag.org/content/349/6244/161.full.pdf},
	journal = {Science}
}



@book{carroll2005endless,
  Title={Endless Forms Most Beautiful: The New Science of Evo Devo},
  author={Carroll, Sean B},
  number={54},
  year={2005},
  publisher={WW Norton \& Company}
}

@misc{darwin1859origin,
  title={On the Origin of Species},
  author={Darwin, Charles},
  year={1859}
}


@article{smith1987learning,
  title={When Learning Guides Evolution.},
  author={Smith, JM},
  journal={Nature},
  volume={329},
  number={6142},
  pages={761},
  year={1987}
}


@article{armon2018ultrafast,
  title={Ultrafast Epithelial Contractions Provide Insights Into Contraction Speed Limits and Tissue Integrity},
  author={Armon, Shahaf and Bull, Matthew Storm and Aranda-Diaz, Andres and Prakash, Manu},
  journal={Proceedings of the National Academy of Sciences},
  volume={115},
  number={44},
  pages={E10333--E10341},
  year={2018},
  publisher={National Acad Sciences}
}

@article {Collins1082,
	author = {Collins, Steve and Ruina, Andy and Tedrake, Russ and Wisse, Martijn},
	title = {Efficient Bipedal Robots Based on Passive-Dynamic Walkers},
	volume = {307},
	number = {5712},
	pages = {1082--1085},
	year = {2005},
	publisher = {American Association for the Advancement of Science},
	abstract = {Passive-dynamic walkers are simple mechanical devices, composed of solid parts connected by joints, that walk stably down a slope. They have no motors or controllers, yet can have remarkably humanlike motions. This suggests that these machines are useful models of human locomotion; however, they cannot walk on level ground. Here we present three robots based on passive-dynamics, with small active power sources substituted for gravity, which can walk on level ground. These robots use less control and less energy than other powered robots, yet walk more naturally, further suggesting the importance of passive-dynamics in human locomotion.},
	journal = {Science}
}

@article {Pfeifer1088,
	author = {Pfeifer, Rolf and Lungarella, Max and Iida, Fumiya},
	title = {Self-Organization, Embodiment, and Biologically Inspired Robotics},
	volume = {318},
	number = {5853},
	pages = {1088--1093},
	year = {2007},
	ndoi =  {10.1126/science.1145803},
	publisher = {American Association for the Advancement of Science},
	abstract = {Robotics researchers increasingly agree that ideas from biology and self-organization can strongly benefit the design of autonomous robots. Biological organisms have evolved to perform and survive in a world characterized by rapid changes, high uncertainty, indefinite richness, and limited availability of information. Industrial robots, in contrast, operate in highly controlled environments with no or very little uncertainty. Although many challenges remain, concepts from biologically inspired (bio-inspired) robotics will eventually enable researchers to engineer machines for the real world that possess at least some of the desirable properties of biological organisms, such as adaptivity, robustness, versatility, and agility.},
	issn = {0036-8075},
	blah = {http://science.sciencemag.org/content/318/5853/1088},
	eprint = {http://science.sciencemag.org/content/318/5853/1088.full.pdf},
	journal = {Science}
}



@inproceedings{corucci2016material,
  title={Material Properties Affect Evolution's Ability to Exploit Morphological Computation in Growing Soft-Bodied Creatures},
  author={Corucci, Francesco and Cheney, Nick and Lipson, Hod and Laschi, Cecilia and Bongard, Josh C},
  Booktitle={Alife 15},
  pages={234--241},
  year={2016}
}

%%%%%%% end gecco 2017 %%%%%%%%5

%%% begin sci rep %%%%%%%5



@article{ward1963hierarchical,
  title={Hierarchical Grouping to Optimize an Objective Function},
  author={Ward Jr, Joe H},
  journal={Journal of the American Statistical Association},
  volume={58},
  number={301},
  pages={236--244},
  year={1963},
  publisher={Taylor \& Francis}
}

@article{lynch2010evolution,
  title={Evolution of the Mutation Rate},
  author={Lynch, Michael},
  journal={Trends in Genetics},
  volume={26},
  number={8},
  pages={345--352},
  year={2010},
  publisher={Elsevier}
}



@article{grabowsky1994symmetry,
  title={Symmetry, Locomotion, and the Evolution of an Anterior End: A Lesson From Sea Urchins},
  author={Grabowsky, Gail L},
  journal={Evolution},
  volume={48},
  number={4},
  pages={1130--1146},
  year={1994},
  publisher={Wiley Online Library}
}


@article{fontanari2017revival,
  title={The Revival of the Baldwin Effect},
  author={Fontanari, Jos{\'e} F and Santos, Mauro},
  journal={The European Physical Journal B},
  volume={90},
  number={10},
  pages={186},
  year={2017},
  publisher={Springer}
}

@article{wagner2007road,
  title={The Road to Modularity},
  author={Wagner, G{\"u}nter P and Pavlicev, Mihaela and Cheverud, James M},
  journal={Nature Reviews. Genetics},
  volume={8},
  number={12},
  pages={921},
  year={2007},
  publisher={Nature Publishing Group}
}

@article{smith2008open,
  title={Open Dynamics Engine V0.5 User Guide},
  author={Smith, Russell},
  journal={URL Http://www. Ode. Org/Ode-Docs. HTML},
  year={2008}
}


@techreport{hollander1999nonparametric,
  title={Nonparametric Statistical Methods},
  author={Hollander, Myles and Hollander, Myles},
  year={1999},
  publisher={John Wiley \& Sons}
}

@inproceedings{clune2013evolutionary,
  title={The Evolutionary Origins of Modularity},
  author={Clune, Jeff and Mouret, Jean-Baptiste and Lipson, Hod},
  Booktitle={Proc. R. Soc. B},
  volume={280},
  number={1755},
  pages={20122863},
  year={2013},
  organization={The Royal Society}
}

@inproceedings{clune2011evolving,
  title={Evolving Three-Dimensional Objects With a Generative Encoding Inspired by Developmental Biology},
  author={Clune, Jeff and Lipson, Hod},
  Booktitle={In Proc. Of the European Conference on Artificial Life (ECAL’11},
  year={2011},
  organization={Citeseer}
}


@article{murren2015constraints,
  title={Constraints on the Evolution of Phenotypic Plasticity: Limits and Costs of Phenotype and Plasticity},
  author={Murren, Courtney J and Auld, Josh R and Callahan, H and Ghalambor, Cameron K and Handelsman, Corey A and Heskel, Mary A and Kingsolver, JG and Maclean, Heidi J and Masel, Joanna and Maughan, Heather and others},
  journal={Heredity},
  volume={115},
  number={4},
  pages={293--301},
  year={2015},
  publisher={Nature Publishing Group}
}

@article{pfennig2010phenotypic,
  title={Phenotypic Plasticity's Impacts on Diversification and Speciation},
  author={Pfennig, David W and Wund, Matthew A and Snell-Rood, Emilie C and Cruickshank, Tami and Schlichting, Carl D and Moczek, Armin P},
  journal={Trends in Ecology \& Evolution},
  volume={25},
  number={8},
  pages={459--467},
  year={2010},
  publisher={Elsevier}
}

@article{dewitt1998costs,
  title={Costs and Limits of Phenotypic Plasticity},
  author={DeWitt, Thomas J and Sih, Andrew and Wilson, David Sloan},
  journal={Trends in Ecology \& Evolution},
  volume={13},
  number={2},
  pages={77--81},
  year={1998},
  publisher={Elsevier}
}


@article{snell2012selective,
  title={Selective Processes in Development: Implications for the Costs and Benefits of Phenotypic Plasticity.},
  author={Snell-Rood, Emilie C},
  journal={Integrative and Comparative Biology},
  publisher={Oxford University Press},
  volume={52},
  number={1},
  year={2012}
}

@article{snell2013overview,
  title={An Overview of the Evolutionary Causes and Consequences of Behavioural Plasticity},
  author={Snell-Rood, Emilie C},
  journal={Animal Behaviour},
  volume={85},
  number={5},
  pages={1004--1011},
  year={2013},
  publisher={Elsevier}
}

@article{snell2015life,
  title={Life History as a Constraint on Plasticity: Developmental Timing Is Correlated With Phenotypic Variation in Birds},
  author={Snell-Rood, E C and Swanson, E M and Young, R L},
  journal={Heredity},
  volume={115},
  number={4},
  pages={379--388},
  year={2015},
  publisher={Nature Publishing Group}
}



@article{kirkpatrick2017overcoming,
  title={Overcoming Catastrophic Forgetting in Neural Networks},
  author={Kirkpatrick, James and Pascanu, Razvan and Rabinowitz, Neil and Veness, Joel and Desjardins, Guillaume and Rusu, Andrei A and Milan, Kieran and Quan, John and Ramalho, Tiago and Grabska-Barwinska, Agnieszka and others},
  journal={Proceedings of the National Academy of Sciences},
  pages={201611835},
  year={2017},
  publisher={National Acad Sciences}
}


@article{kim2013soft,
  title={Soft Robotics: A Bioinspired Evolution in Robotics},
  author={Kim, Sangbae and Laschi, Cecilia and Trimmer, Barry},
  journal={Trends in Biotechnology},
  volume={31},
  number={5},
  pages={287--294},
  year={2013},
  publisher={Elsevier}
}



@inproceedings{auerbach2010evolving,
  title={Evolving CPPNS to Grow Three-Dimensional Physical Structures},
  author={Auerbach, Joshua E and Bongard, Josh C},
  Booktitle={Proceedings of the 12th Annual Conference on Genetic and Evolutionary Computation},
  pages={627--634},
  year={2010},
  organization={ACM}
}


@inproceedings{auerbach2011evolving,
  title={Evolving Complete Robots With CPPN-Neat: The Utility of Recurrent Connections},
  author={Auerbach, Joshua E and Bongard, Josh C},
  Booktitle={Proceedings of the 13th Annual Conference on Genetic and Evolutionary Computation},
  pages={1475--1482},
  year={2011},
  organization={ACM}
}

@article {Panchanathan20152439,
	author = {Panchanathan, Karthik and Frankenhuis, Willem E.},
	title = {The Evolution of Sensitive Periods in a Model of Incremental Development},
	volume = {283},
	number = {1823},
	year = {2016},
	ndoi =  {10.1098/rspb.2015.2439},
	publisher = {The Royal Society},
	issn = {0962-8452},
	blah = {http://rspb.royalsocietypublishing.org/content/283/1823/20152439},
	eprint = {http://rspb.royalsocietypublishing.org/content/283/1823/20152439.full.pdf},
	journal = {Proceedings of the Royal Society of London B: Biological Sciences}
}

@Article{Fawcett2015,
author="Fawcett, Tim W.
and Frankenhuis, Willem E.",
Title="Adaptive explanations for sensitive windows in development",
journal="Frontiers in Zoology",
year="2015",
month="Aug",
day="24",
volume="12",
number="1",
pages="S3",
issn="1742-9994",
ndoi= "10.1186/1742-9994-12-S1-S3"
}




@article{lipson2007principles,
  title={Principles of Modularity, Regularity, and Hierarchy for Scalable Systems},
  author={Lipson, Hod},
  journal={The Journal of Biological Physics and Chemistry},
  volume={7},
  number={4},
  pages={125--128},
  year={2007}
}

@article{kashtan2005spontaneous,
  title={Spontaneous Evolution of Modularity and Network Motifs},
  author={Kashtan, Nadav and Alon, Uri},
  journal={Proceedings of the National Academy of Sciences of the United States of America},
  volume={102},
  number={39},
  pages={13773--13778},
  year={2005},
  publisher={National Acad Sciences}
}

@article{espinosa2010specialization,
  title={Specialization Can Drive the Evolution of Modularity},
  author={Espinosa-Soto, Carlos and Wagner, Andreas},
  journal={PLoS Computational Biology},
  volume={6},
  number={3},
  pages={e1000719},
  year={2010},
  publisher={Public Library of Science}
}


@article{wagner1996perspective,
  title={Perspective: Complex Adaptations and the Evolution of Evolvability},
  author={Wagner, G{\"u}nter P and Altenberg, Lee},
  journal={Evolution},
  volume={50},
  number={3},
  pages={967--976},
  year={1996},
  publisher={Wiley Online Library}
}



@inproceedings{floreano1997adaptive,
  title={Adaptive Behavior in Competing Co-Evolving Species},
  author={Floreano, Dario and Nolfi, Stefano},
  Booktitle={4th European Conference on Artificial Life},
  pages={378--387},
  year={1997}
}


@inproceedings{todd1991exploring,
  title={Exploring Adaptive Agency Ii: Simulating the Evolution of Associative Learning},
  author={Todd, Peter M and Miller, Geoffrey F},
  Booktitle={Proceedings of the First International Conference on Simulation of Adaptive Behavior on From Animals to Animats},
  pages={306--315},
  year={1991},
  organization={MIT Press}
}



@article{yamauchi1994sequential,
  title={Sequential Behavior and Learning in Evolved Dynamical Neural Networks},
  author={Yamauchi, Brian M and Beer, Randall D},
  journal={Adaptive Behavior},
  volume={2},
  number={3},
  pages={219--246},
  year={1994},
  publisher={Sage Publications Sage CA: Thousand Oaks, CA}
}

@article{yamauchi1994integrating,
  title={Integrating Reactive, Sequential, and Learning Behavior Using Dynamical Neural Networks},
  author={Yamauchi, Brian and Beer, Randall},
  journal={From Animals to Animats},
  volume={3},
  pages={382--391},
  year={1994}
}

@inproceedings{husbands1998evolving,
  title={Evolving Robot Behaviours With Diffusing Gas Networks},
  author={Husbands, Phil},
  Booktitle={European Workshop on Evolutionary Robotics},
  pages={71--86},
  year={1998},
  organization={Springer}
}

@inproceedings{husbands1998brains,
  title={Brains, Gases and Robots},
  author={Husbands, Phil and Smith, Tom and O’Shea, Michael and Jakobi, Nick and Anderson, John and Philippides, Andy},
  Booktitle={Proc. ICANN},
  volume={98},
  year={1998}
}



@article{garthwaite1991glutamate,
  title={Glutamate, Nitric Oxide and Cell-Cell Signalling in the Nervous System},
  author={Garthwaite, John},
  journal={Trends in Neurosciences},
  volume={14},
  number={2},
  pages={60--67},
  year={1991},
  publisher={Elsevier}
}

@inproceedings{brooks1992artificial,
  Title={Artificial Life and Real Robots},
  author={Brooks, Rodney A},
  Booktitle={Proceedings of the First European Conference on Artificial Life},
  year={1992}
}

@article{brooks1991intelligence,
  Title={Intelligence Without Representation},
  author={Brooks, Rodney A},
  journal={Artificial Intelligence},
  volume={47},
  number={1-3},
  pages={139--159},
  year={1991},
  publisher={Elsevier}
}


@article{tuci2002evolutionary,
  title={An Evolutionary Ecological Approach to the Study of Learning Behavior Using a Robot-Based Model},
  author={Tuci, Elio and Quinn, Matt and Harvey, Inman},
  journal={Adaptive Behavior},
  volume={10},
  number={3-4},
  pages={201--221},
  year={2002},
  publisher={SAGE Publications}
}





@inproceedings{eggenberger1999toward,
  title={Toward Seamless Transfer From Simulated to Real Worlds: A Dynamically—Rearranging Neural Network Approach},
  author={Eggenberger, Peter and Ishiguro, Akio and Tokura, Seiji and Kondo, Toshiyuki and Uchikawa, Yoshiki},
  Booktitle={European Workshop on Learning Robots},
  pages={44--60},
  year={1999},
  organization={Springer}
}

@inproceedings{ziemke1996towards,
  title={Towards Adaptive Behaviour System Integration Using Connectionist Infinite State Automata},
  author={Ziemke, Tom},
  year={1996},
  Booktitle={from Animals to Animats 4. Proceedings of the Fourth International Conference on Simulated and Adaptive Behavior.}
}

@article{smith2002neuronal,
  title={Neuronal Plasticity and Temporal Adaptivity: Gasnet Robot Control Networks},
  author={Smith, Tom and Husbands, Phil and Philippides, Andy and O'Shea, Michael},
  journal={Adaptive Behavior},
  volume={10},
  number={3-4},
  pages={161--183},
  year={2002},
  publisher={SAGE Publications}
}



@article{lipson2002origin,
  title={On the Origin of Modular Variation},
  author={Lipson, Hod and Pollack, Jordan B and Suh, Nam P},
  journal={Evolution},
  volume={56},
  number={8},
  pages={1549--1556},
  year={2002},
  publisher={BioOne}
}


@article{scikit-learn,
 title={Scikit-Learn: Machine Learning in {P}ython},
 author={Pedregosa, F. and Varoquaux, G. and Gramfort, A. and Michel, V.
         and Thirion, B. and Grisel, O. and Blondel, M. and Prettenhofer, P.
         and Weiss, R. and Dubourg, V. and Vanderplas, J. and Passos, A. and
         Cournapeau, D. and Brucher, M. and Perrot, M. and Duchesnay, E.},
 journal={Journal of Machine Learning Research},
 volume={12},
 pages={2825--2830},
 year={2011}
}


@incollection{doursat2010growing,
  title={The Growing Canvas of Biological Development: Multiscale Pattern Generation on an Expanding Lattice of Gene Regulatory Nets},
  author={Doursat, Ren{\'e}},
  Booktitle={Unifying Themes in Complex Systems},
  pages={205--210},
  year={2010},
  publisher={Springer}
}


@article{dawkins1989evolution,
  title={The Evolution of Evolvality},
  author={Dawkins, R},
  journal={Artificial Life},
  pages={201--220},
  year={1989},
  publisher={Addison-Wesley}
}


@article{mouret2015illuminating,
  title={Illuminating Search Spaces by Mapping Elites},
  author={Mouret, Jean-Baptiste and Clune, Jeff},
  journal={arXiv Preprint arXiv:1504.04909},
  year={2015}
}

@article{hogeweg2000shapes,
  title={Shapes in the Shadow: Evolutionary Dynamics of Morphogenesis},
  author={Hogeweg, Paulien},
  journal={Artificial Life},
  volume={6},
  number={1},
  pages={85--101},
  year={2000},
  publisher={MIT Press}
}

@article{hogeweg2000evolving,
  title={Evolving Mechanisms of Morphogenesis: On the Interplay Between Differential Adhesion and Cell Differentiation},
  author={Hogeweg, P},
  journal={Journal of Theoretical Biology},
  volume={203},
  number={4},
  pages={317--333},
  year={2000},
  publisher={Elsevier}
}


@article{joachimczak2008evo,
  title={Evo-Devo in Silico: A Model of a Gene Network Regulating Multicellular Development in 3{D} Space With Artificial Physics},
  author={Joachimczak, Micha{\l} and Wr{\'o}bel, Borys},
  journal={Artificial Life},
  volume={11},
  pages={297},
  year={2008}
}

@article{joachimczak2012brainless,
  title={Brainless Bodies: Controlling the Development and Behavior of Multicellular Animats by Gene Regulation and Diffusive Signals},
  author={Joachimczak, Michal and Kowaliw, Taras and Doursat, Ren{\'e} and Wr{\'o}bel, Borys},
  journal={Artificial Life},
  volume={13},
  pages={349--356},
  year={2012}
}


@inproceedings{joachimczak2012co,
  title={Co-Evolution of Morphology and Control of Soft-Bodied Multicellular Animats},
  author={Joachimczak, Micha{\l} and Wr{\'o}bel, Borys},
  Booktitle={Proceedings of the 14th Annual Conference on Genetic and Evolutionary Computation},
  pages={561--568},
  year={2012},
  organization={ACM}
}

@article{joachimczak2015improving,
  title={Improving Evolvability of Morphologies and Controllers of Developmental Soft-Bodied Robots With Novelty Search},
  author={Joachimczak, Micha{\l} and Suzuki, Reiji and Arita, Takaya},
  journal={Frontiers in Robotics and AI},
  volume={2},
  pages={33},
  year={2015},
  publisher={Frontiers}
}


@article{Cheney201619,
Title = "Topological evolution for embodied cellular automata ",
journal = "Theoretical Computer Science ",
volume = "633",
number = "",
pages = "19 - 27",
year = "2016",
note = "Biologically Inspired Processes in Neural Computation ",
issn = "0304-3975",
ndoi =  "https://doi.org/10.1016/j.tcs.2015.06.024",
author = "Nick Cheney and Hod Lipson",
}

@article{collins2005efficient,
  title={Efficient Bipedal Robots Based on Passive-Dynamic Walkers},
  author={Collins, Steve and Ruina, Andy and Tedrake, Russ and Wisse, Martijn},
  journal={Science},
  volume={307},
  number={5712},
  pages={1082--1085},
  year={2005},
  publisher={American Association for the Advancement of Science}
}


@article{dennett1975law,
  title={Why the Law of Effect Will Not Go Away.},
  author={Dennett, Daniel C},
  journal={Journal for the Theory of Social Behaviour},
  year={1975},
  publisher={Blackwell Publishing}
}

@article{jaderberg2019human,
  title={Human-Level Performance in 3{D} Multiplayer Games With Population-Based Reinforcement Learning},
  author={Jaderberg, Max and Czarnecki, Wojciech M and Dunning, Iain and Marris, Luke and Lever, Guy and Castaneda, Antonio Garcia and Beattie, Charles and Rabinowitz, Neil C and Morcos, Ari S and Ruderman, Avraham and others},
  journal={Science},
  volume={364},
  number={6443},
  pages={859--865},
  year={2019},
  publisher={American Association for the Advancement of Science}
}

@article{jaderberg2017population,
  title={Population Based Training of Neural Networks},
  author={Jaderberg, Max and Dalibard, Valentin and Osindero, Simon and Czarnecki, Wojciech M and Donahue, Jeff and Razavi, Ali and Vinyals, Oriol and Green, Tim and Dunning, Iain and Simonyan, Karen and others},
  journal={arXiv Preprint arXiv:1711.09846},
  year={2017}
}

@inproceedings{floreano1996plastic,
  title={Evolution of Plastic Neurocontrollers for Situated Agents},
  author={Floreano, D and Mondada, F},
  Booktitle={From Animals to Animats 4, Proceedings of the 4th International Conference on Simulation of Adaptive Behavior (SAB)},
  pages={402--410},
  year={1996},
  organization={MIT Press}
}


@article{mondada1994mobile,
  title={Mobile Robot Miniaturisation: A Tool for Investigation in Control Algorithms},
  author={Mondada, Francesco and Franzi, Edoardo and Ienne, Paolo},
  journal={Experimental Robotics III},
  pages={501--513},
  year={1994},
  publisher={Springer}
}


@article{nolfi1996learning,
  title={Learning to Adapt to Changing Environments in Evolving Neural Networks},
  author={Nolfi, Stefano and Parisi, Domenico},
  journal={Adaptive Behavior},
  volume={5},
  number={1},
  pages={75--98},
  year={1996},
  publisher={Sage Publications Sage CA: Thousand Oaks, CA}
}

@article{nolfi1998coevolving,
  title={Coevolving Predator and Prey Robots: Do “Arms Races” Arise in Artificial Evolution?},
  author={Nolfi, Stefano and Floreano, Dario},
  journal={Artificial Life},
  volume={4},
  number={4},
  pages={311--335},
  year={1998},
  publisher={MIT Press}
}



@inproceedings{corucci2016material,
  title={Material Properties Affect Evolution’s Ability to Exploit Morphological Computation in Growing Soft-Bodied Creatures},
  author={Corucci, Francesco and Cheney, Nick and Lipson, Hod and Laschi, Cecilia and Bongard, Josh},
   Booktitle={Alife},
    year={2016}
}


@inproceedings{sims1994siggraph,
  title={Evolving Virtual Creatures},
  author={Sims, Karl},
  Booktitle={Proceedings of the 21st Annual Conference on Computer Graphics and Interactive Techniques},
  pages={15--22},
  year={1994},
  organization={ACM}
}



@article{wagner1996homologues,
  title={Homologues, Natural Kinds and the Evolution of Modularity},
  author={Wagner, G{\"u}nter P},
  journal={American Zoologist},
  volume={36},
  number={1},
  pages={36--43},
  year={1996},
  publisher={Oxford University Press UK}
}


@article{smith1987learning,
  title={When Learning Guides Evolution.},
  author={Smith, John Maynard},
  journal={Nature},
  volume={329},
  number={6142},
  pages={761},
  year={1987}
}


@book{Dennett91,
  abstract = {Advances a new theory of consciousness based on insights gleaned from the fields of neuroscience, psychology, and artificial intelligence, and clears away obsolete myths about the process of thinking in conscious beings.},
  author = {Dennett, Daniel Clement},
  publisher = {Little, Brown and Co.},
  Title = {Consciousness Explained},
  year = 1991
}


@book{Dennett95,
  Title={Darwin's Dangerous Idea: Evolution and the Meanings of Life},
  author={Dennett, Daniel Clement},
  year={1995},
  publisher={Simon and Schuster}
}




@book{raff2012shape,
  Title={The Shape of Life: Genes, Development, and the Evolution of Animal Form},
  author={Raff, Rudolf A},
  year={2012},
  publisher={University of Chicago Press}
}

@article{su2017one,
  title={One Pixel Attack for Fooling Deep Neural Networks},
  author={Su, Jiawei and Vargas, Danilo Vasconcellos and Kouichi, Sakurai},
  journal={arXiv Preprint arXiv:1710.08864},
  year={2017}
}



@article{baldwin1895consciousness,
  title={Consciousness and Evolution},
  author={Baldwin, J Mark},
  journal={Science},
  volume={2},
  number={34},
  pages={219--223},
  year={1895},
  publisher={JSTOR}
}


@article{stearns1994fitness,
  title={Fitness Sensitivity and the Canalization of Life-History Traits},
  author={Stearns, Stephen C and Kawecki, Tadeusz J},
  journal={Evolution},
  volume={48},
  number={5},
  pages={1438--1450},
  year={1994},
  publisher={Wiley Online Library}
}


@article{stearns1995differential,
  title={The Differential Genetic and Environmental Canalization of Fitness Components in Drosophila Melanogaster},
  author={Stearns, Stephen C and Kaiser, Marcel and Kawecki, Tadeusz J},
  journal={Journal of Evolutionary Biology},
  volume={8},
  number={5},
  pages={539--557},
  year={1995},
  publisher={Wiley Online Library}
}



@article{rieffel2014growing,
  title={Growing and Evolving Soft Robots},
  author={Rieffel, John and Knox, Davis and Smith, Schuyler and Trimmer, Barry},
  journal={Artificial Life},
  volume={20},
  number={1},
  pages={143--162},
  year={2014},
  publisher={MIT Press}
}


@article{bongard2016evolving,
  title={Evolving Soft Robots},
  author={Bongard, Josh C},
  journal={Soft Robotics},
  volume={3},
  number={2},
  pages={43--44},
  year={2016},
  publisher={Mary Ann Liebert, Inc. 140 Huguenot Street, 3rd Floor New Rochelle, NY 10801 USA}
}



@book{waddington1957strategy,
  Title={The Strategy of the Genes},
  author={Waddington, Conrad Hal},
  year={1957},
  publisher={George Allen \& Unwin Ltd, London}
}


@article{lande2009adaptation,
  title={Adaptation to an Extraordinary Environment by Evolution of Phenotypic Plasticity and Genetic Assimilation},
  author={Lande, Russell},
  journal={Journal of Evolutionary Biology},
  volume={22},
  number={7},
  pages={1435--1446},
  year={2009},
  publisher={Wiley Online Library}
}


@book{weismann1893germ,
  Title={The Germ-plasm: A Theory of Heredity},
  author={Weismann, A.},
  year={1893},
}

@book{gould1977ontogeny,
  Title={Ontogeny and Phylogeny},
  author={Gould, Stephen Jay},
  year={1977},
  publisher={Harvard University Press}
}


@article{paul2006morphological,
  title={Morphological Computation: A Basis for the Analysis of Morphology and Control Requirements},
  author={Paul, Chandana},
  journal={Robotics and Autonomous Systems},
  volume={54},
  number={8},
  pages={619--630},
  year={2006},
  publisher={Elsevier}
}


@article{bateson1979sensitive,
  title={How Do Sensitive Periods Arise and What Are They For?},
  author={Bateson, Patrick},
  journal={Animal Behaviour},
  volume={27},
  pages={470--486},
  year={1979},
  publisher={Elsevier}
}

@article{bongard2014morphology,
  title={Why Morphology Matters},
  author={Bongard, Josh},
  journal={The Horizons of Evolutionary Robotics},
  pages={125--152},
  year={2014},
  publisher={MIT Press}
}




@article{stanley2003taxonomy,
  title={A Taxonomy for Artificial Embryogeny},
  author={Stanley, Kenneth O and Miikkulainen, Risto},
  journal={Artificial Life},
  volume={9},
  number={2},
  pages={93--130},
  year={2003},
  publisher={MIT Press}
}



@inproceedings{bongard2005reinventing,
  title={Reinventing the Wheel: An Experiment in Evolutionary Geometry},
  author={Bongard, Josh C and Lipson, Hod},
  Booktitle={Proceedings of the Genetic and Evolutionary Computation Conference},
  year={2005}
}


%%%% end sci rep  %%%%%%%%%%%%5


%%% begin rss %%%%%%%%%



% Faboratory additions
@article{white_low-cost_2017,
author={White, Edward L. and Yuen, Michelle C. and Case, Jennifer C. and Kramer, Rebecca K.},
Title={Low-cost, facile, and scalable manufacturing of capacitive sensors for soft systems},
journal={Advanced Materials Technologies},
volume={2},
number={9},
pages={1700072},
blah={https://doi.org/10.1002/admt.201700072},
year={2017}
}

@inproceedings{booth_addressable_2018,
  title={An Addressable Pneumatic Regulator for Distributed Control of Soft Robots},
  author={Booth, Joran W and Case, Jennifer C and White, Edward L and Shah, Dylan S and Kramer-Bottiglio, Rebecca},
  Booktitle={2018 IEEE International Conference on Soft Robotics (RoboSoft)},
  pages={25--30},
  year={2018},
  blah={https://doi.org/10.1109/ROBOSOFT.2018.8404892}
}

@article{morin_elastomeric_2014,
  author = {Morin, Stephen A. and Kwok, Sen Wai and Lessing, Joshua and Ting, Jason and Shepherd, Robert F. and Stokes, Adam A. and Whitesides, George M.},
  title = {Elastomeric Tiles for the Fabrication of Inflatable Structures},
  journal = {Advanced Functional Materials},
  volume = {24},
  number = {35},
  pages = {5541-5549},
  blah={https://doi.org/10.1002/adfm.201401339},
  year = {2014}
}


@article{zhao_scalable_2015,
  title={Scalable Manufacturing of High Force Wearable Soft Actuators},
  author={Zhao, Huichan and Li, Yan and Elsamadisi, Ahmed and Shepherd, Robert},
  journal={Extreme Mechanics Letters},
  volume={3},
  pages={89--104},
  year={2015},
  publisher={Elsevier},
  blah={https://doi.org/10.1016/j.eml.2015.02.006}
}

@inproceedings{bilodeau_all-soft_2018,
  title={All-Soft Material System for Strong Soft Actuators},
  author={Bilodeau, R Adam and Miriyev, Aslan and Lipson, Hod and Kramer-Bottiglio, Rebecca},
  Booktitle={2018 IEEE International Conference on Soft Robotics (RoboSoft)},
  pages={288--294},
  year={2018},
  blah={https://doi.org/10.1109/ROBOSOFT.2018.8404934}
}
% End Dylan/Steph additions




@article{he2018zero,
  title={Zero-Shot Skill Composition and Simulation-To-Real Transfer by Learning Task Representations},
  author={He, Zhanpeng and Julian, Ryan and Heiden, Eric and Zhang, Hejia and Schaal, Stefan and Lim, Joseph and Sukhatme, Gaurav and Hausman, Karol},
  journal={arXiv Preprint arXiv:1810.02422},
  blah={https://arxiv.org/abs/1810.02422},
  year={2018},
}


@article{Miyashitaeaao4369,
	author={Miyashita, Shuhei and Guitron, Steven and Li, Shuguang and Rus, Daniela},
	title={Robotic Metamorphosis by Origami Exoskeletons},
	volume={2},
	number={10},
	elocation-id={eaao4369},
	year={2017},
	blah={https://doi.org/10.1126/scirobotics.aao4369},
	journal={Science Robotics}
}

@article{baydar2004offline,
author={Baydar, Cem and Saitou, Kazuhiro},
Title={Off-line error prediction, diagnosis and recovery using virtual assembly systems},
journal={Journal of Intelligent Manufacturing},
year={2004},
volume={15},
number={5},
pages={679--692},
blah={https://doi.org/10.1023/B:JIMS.0000037716.69868.d0}
}


@article{morgan1898experimental,
  title={Experimental Studies of the Regeneration of Planaria Maculata},
  author={Morgan, TH},
  journal={Development Genes and Evolution},
  volume={7},
  number={2},
  pages={364--397},
  year={1898},
  publisher={Springer}
}

@article{montgomery1974minimal,
  title={On the Minimal Size of a Planarian Capable of Regeneration.},
  author={Montgomery, JR and Coward, SJ},
  journal={Transactions of the American Microscopical Society},
  volume={93},
  number={3},
  pages={386},
  blah={https://doi.org/10.2307/3225439},
  year={1974}
}

@article{brockes1997amphibian,
  title={Amphibian Limb Regeneration: Rebuilding a Complex Structure},
  author={Brockes, Jeremy P},
  journal={Science},
  volume={276},
  number={5309},
  pages={81--87},
  year={1997},
  blah={https://doi.org/10.1126/science.276.5309.81}
}

@article{illingworth1974trapped,
  title={Trapped Fingers and Amputated Finger Tips in Children},
  author={Illingworth, Cynthia M},
  journal={Journal of Pediatric Surgery},
  volume={9},
  number={6},
  pages={853--858},
  year={1974},
  publisher={Elsevier},
  blah={https://doi.org/10.1016/S0022-3468(74)80220-4}
}



@inproceedings{slijper1942biologic,
  title={Biologic Anatomical Investigations on the Bipedal Gait and Upright Posture in Mammals, With Special Reference to a Little Goat, Born Without Forelegs},
  author={Slijper, EJ},
  Booktitle={Proceedings of the Koninklijke Nederlandse Akademie Van Wetenschappen},
  volume={45},
  pages={288--295, 407--415},
  year={1942}
}


@article{ren2015multiple,
  title={Multiple Chaotic Central Pattern Generators With Learning for Legged Locomotion and Malfunction Compensation},
  author={Ren, Guanjiao and Chen, Weihai and Dasgupta, Sakyasingha and Kolodziejski, Christoph and W{\"o}rg{\"o}tter, Florentin and Manoonpong, Poramate},
  journal={Information Sciences},
  volume={294},
  pages={666--682},
  year={2015},
  blah={https://doi.org/10.1016/j.ins.2014.05.001},
  publisher={Elsevier}
}


@inproceedings{eggenberger1997evolving,
  title={Evolving Morphologies of Simulated 3{D} Organisms Based on Differential Gene Expression},
  author={Eggenberger, Peter},
  Booktitle={Proceedings of the European Conference on Artificial Life},
  pages={205--213},
  blah={https://books.google.com/books?id=ccp8fzlyorAC},
  year={1997}
}

@article{west2005developmental,
  title={Developmental Plasticity and the Origin of Species Differences},
  author={West-Eberhard, Mary Jane},
  journal={Proceedings of the National Academy of Sciences},
  volume={102},
  pages={6543--6549},
  year={2005},
  blah={https://doi.org/10.1073/pnas.0501844102}
}

@article{goulding2009circuits,
  title={Circuits Controlling Vertebrate Locomotion: Moving in a New Direction},
  author={Goulding, Martyn},
  journal={Nature Reviews Neuroscience},
  volume={10},
  number={7},
  pages={507},
  year={2009},
  blah={https://doi.org/10.1038/nrn2608},
  publisher={Nature Publishing Group}
}

@book{alexander2003principles,
  Title={Principles of Animal Locomotion},
  author={Alexander, R McNeill},
  year={2003},
  publisher={Princeton University Press},
  isbn={9780691126340},
  abstract={https://www.jstor.org/stable/j.ctt4cg9j1}
}

@inproceedings{mahdavi2003evolutionary,
  title={An Evolutionary Approach to Damage Recovery of Robot Motion With Muscles},
  author={Mahdavi, Siavash Haroun and Bentley, Peter J},
  Booktitle={European Conference on Artificial Life},
  pages={248--255},
  year={2003},
  blah={https://doi.org/10.1007/978-3-540-39432-7_27},
  organization={Springer}
}

@article{kano2017brittle,
  title={A Brittle Star-Like Robot Capable of Immediately Adapting to Unexpected Physical Damage},
  author={Kano, Takeshi and Sato, Eiki and Ono, Tatsuya and Aonuma, Hitoshi and Matsuzaka, Yoshiya and Ishiguro, Akio},
  journal={Royal Society Open Science},
  volume={4},
  number={12},
  pages={171200},
  year={2017},
  blah={https://doi.org/10.1098/rsos.171200},
  publisher={The Royal Society}
}


@article{kriegman2018morphological,
  title={How Morphological Development Can Guide Evolution},
  author={Kriegman, Sam and Cheney, Nick and Bongard, Josh},
  journal={Scientific Reports},
  volume={8},
  number={1},
  pages={13934},
  year={2018},
  blah={https://doi.org/10.1038/s41598-018-31868-7},
  publisher={Nature Publishing Group}
}

@inproceedings{kriegman2018interoceptive,
 author = {Kriegman, Sam and Cheney, Nick and Corucci, Francesco and Bongard, Josh C.},
 title = {Interoceptive Robustness Through Environment-Mediated Morphological Development},
 Booktitle = {Proceedings of the Genetic and Evolutionary Computation Conference},
 year = {2018},
 pages = {109--116},
 blah={https://arxiv.org/abs/1804.02257}, 
 ndoi= {10.1145/3205455.3205529},
 publisher = {ACM}
} 

@article{kriegman2019scalable,
  title={A Scalable Pipeline for Designing Reconfigurable Organisms.},
  author={Kriegman, Sam and Blackiston, Douglas and Levin, Michael and Bongard, Josh},
  year={forthcoming}
}

@article{narang2018transforming,
  title={Transforming the Dynamic Response of Robotic Structures and Systems Through Laminar Jamming},
  author={Narang, Yashraj S and Degirmenci, Alperen and Vlassak, Joost J and Howe, Robert D},
  journal={IEEE Robotics and Automation Letters},
  volume={3},
  number={2},
  pages={688--695},
  year={2018},
  blah={https://doi.org/10.1109/LRA.2017.2779802},
  publisher={IEEE}
}

@article{blackiston2015stability,
  title={The Stability of Memories During Brain Remodeling: A Perspective},
  author={Blackiston, Douglas J and Shomrat, Tal and Levin, Michael},
  journal={Communicative \& Integrative Biology},
  volume={8},
  number={5},
  pages={e1073424},
  year={2015},
  blah={https://doi.org/10.1080/19420889.2015.1073424},
  publisher={Taylor \& Francis}
}

@article{blackiston2008retention,
  title={Retention of Memory Through Metamorphosis: Can a Moth Remember What It Learned as a Caterpillar?},
  author={Blackiston, Douglas J and Casey, Elena Silva and Weiss, Martha R},
  journal={PLoS One},
  volume={3},
  number={3},
  pages={e1736},
  year={2008},
  blah={https://doi.org/10.1371/journal.pone.0001736},
  publisher={Public Library of Science}
}

@incollection{corning1967regeneration,
  title={Regeneration and Retention of Acquired Information},
  author={Corning, William C},
  Booktitle={Chemistry of Learning},
  pages={281--294},
  year={1967},
  blah={https://doi.org/10.1007/978-1-4899-6565-3_18},
  publisher={Springer}
}


@article{mccusker2011axolotl,
  title={The Axolotl Model for Regeneration and Aging Research: A Mini-Review},
  author={McCusker, Catherine and Gardiner, David M},
  journal={Gerontology},
  volume={57},
  number={6},
  pages={565--571},
  year={2011},
  publisher={Karger Publishers},
  blah={https://doi.org/10.1159/000323761}
}

@article{pezzulo2015re,
  title={Re-Membering the Body: Applications of Computational Neuroscience to the Top-Down Control of Regeneration of Limbs and Other Complex Organs},
  author={Pezzulo, Giovanni and Levin, Michael},
  journal={Integrative Biology},
  volume={7},
  number={12},
  pages={1487--1517},
  year={2015},
  blah={https://doi.org/10.1039/c5ib00221d},
  publisher={Royal Society of Chemistry}
}

@article{pezzulo2016top,
  title={Top-Down Models in Biology: Explanation and Control of Complex Living Systems Above the Molecular Level},
  author={Pezzulo, Giovanni and Levin, Michael},
  journal={Journal of the Royal Society Interface},
  volume={13},
  number={124},
  pages={20160555},
  year={2016},
  publisher={The Royal Society},
  blah={http://doi.org/10.1098/rsif.2016.0555}
}

@article{shomrat2013automated,
  title={An Automated Training Paradigm Reveals Long-Term Memory in Planaria and Its Persistence Through Head Regeneration},
  author={Shomrat, Tal and Levin, Michael},
  journal={Journal of Experimental Biology},
  pages={jeb--087809},
  year={2013},
  blah={http://doi.org/10.1242/jeb.087809},
  publisher={The Company of Biologists Ltd}
}

@article{sullivan2016physiological,
  title={Physiological Inputs Regulate Species-Specific Anatomy During Embryogenesis and Regeneration},
  author={Sullivan, Kelly G and Emmons-Bell, Maya and Levin, Michael},
  journal={Communicative \& Integrative Biology},
  volume={9},
  number={4},
  pages={e1192733},
  year={2016},
  blah={http://doi.org/10.1080/19420889.2016.1192733},
  publisher={Taylor \& Francis}
}


@article{chatzilygeroudis2018reset,
  title={Reset-Free Trial-And-Error Learning for Robot Damage Recovery},
  author={Chatzilygeroudis, Konstantinos and Vassiliades, Vassilis and Mouret, Jean-Baptiste},
  journal={Robotics and Autonomous Systems},
  volume={100},
  pages={236--250},
  year={2018},
  blah={https://doi.org/10.1016/j.robot.2017.11.010},
  publisher={Elsevier}
}

@article{booth2018omniskins,
  title={OmniSkins: Robotic Skins That Turn Inanimate Objects Into Multifunctional Robots},
  author={Booth, Joran W and Shah, Dylan and Case, Jennifer C and White, Edward L and Yuen, Michelle C and Cyr-Choiniere, Olivier and Kramer-Bottiglio, Rebecca},
  journal={Science Robotics},
  volume={3},
  number={22},
  elocation-id={eaat1853},
  blah={http://doi.org/10.1126/scirobotics.aat1853},
  year={2018}
}

@article{van2016morphing,
  title={Morphing Metal and Elastomer Bicontinuous Foams for Reversible Stiffness, Shape Memory, and Self-Healing Soft Machines},
  author={Van Meerbeek, Ilse M and Mac Murray, Benjamin C and Kim, Jae Woo and Robinson, Sanlin S and Zou, Perry X and Silberstein, Meredith N and Shepherd, Robert F},
  journal={Advanced Materials},
  volume={28},
  number={14},
  pages={2801--2806},
  year={2016},
  blah={https://doi.org/10.1002/adma.201505991},
  publisher={Wiley Online Library}
}

@article{cheney2016topological,
  title={Topological Evolution for Embodied Cellular Automata},
  author={Cheney, Nick and Lipson, Hod},
  journal={Theoretical Computer Science},
  volume={633},
  pages={19--27},
  year={2016},
  blah={https://doi.org/10.1016/j.tcs.2015.06.024},
  publisher={Elsevier}
}

@inproceedings{white2005three, 
    author={Paul White and Victor Zykov and Josh Bongard and Hod Lipson}, 
    Booktitle={Proceedings of Robotics: Science and Systems}, 
    title={Three Dimensional Stochastic Reconfiguration of Modular Robots}, 
    year={2005},
    blah={http://doi.org/10.15607/RSS.2005.I.022}
}

@article{waddington1968towards,
  title={Towards a Theoretical Biology},
  author={Waddington, Conrad H},
  journal={Nature},
  volume={218},
  number={5141},
  pages={525--527},
  year={1968},
  blah={https://doi.org/10.1038/218525a0},
  publisher={Nature Publishing Group}
}

@article{lobo2012modeling,
  title={Modeling Planarian Regeneration: A Primer for Reverse-Engineering the Worm},
  author={Lobo, Daniel and Beane, Wendy S and Levin, Michael},
  journal={PLoS Computational Biology},
  volume={8},
  number={4},
  pages={e1002481},
  year={2012},
  blah={https://doi.org/10.1371/journal.pcbi.1002481},
  publisher={Public Library of Science}
}



%%%% end rss %%%%%%%%


%%%% begin gecco 2018 %%%%


@article{gilmer2018adversarial,
  title={Adversarial Spheres},
  author={Gilmer, Justin and Metz, Luke and Faghri, Fartash and Schoenholz, Samuel S and Raghu, Maithra and Wattenberg, Martin and Goodfellow, Ian},
  journal={arXiv Preprint arXiv:1801.02774},
  year={2018}
}

@inproceedings{goodfellow2014generative,
  title={Generative Adversarial Nets},
  author={Goodfellow, Ian and Pouget-Abadie, Jean and Mirza, Mehdi and Xu, Bing and Warde-Farley, David and Ozair, Sherjil and Courville, Aaron and Bengio, Yoshua},
  Booktitle={Advances in Neural Information Processing Systems (NIPS)},
  pages={2672--2680},
  year={2014}
}


@book{dawkins1986blind,
  Title={The Blind Watchmaker: Why the Evidence of Evolution Reveals a Universe Without Design},
  author={Dawkins, Richard},
  year={1986},
  publisher={WW Norton \& Company}
}




@article{taha2015efficient,
  title={An Efficient Algorithm for Calculating the Exact Hausdorff Distance},
  author={Taha, Abdel Aziz and Hanbury, Allan},
  journal={IEEE Transactions on Pattern Analysis and Machine Intelligence},
  volume={37},
  number={11},
  pages={2153--2163},
  year={2015},
  publisher={IEEE}
}



@article{smith1987learning,
  title={When Learning Guides Evolution.},
  author={Smith, John Maynard},
  journal={Nature},
  volume={329},
  number={6142},
  pages={761},
  year={1987}
}


@inproceedings{corucci2016material,
  title={Material Properties Affect Evolution’s Ability to Exploit Morphological Computation in Growing Soft-Bodied Creatures},
  author={Corucci, Francesco and Cheney, Nick and Lipson, Hod and Laschi, Cecilia and Bongard, Josh},
   Booktitle={Alife},
    year={2016}
}

@article{bongard2016evolving,
  title={Evolving Soft Robots},
  author={Bongard, Josh C},
  journal={Soft Robotics},
  volume={3},
  number={2},
  pages={43--44},
  year={2016},
  publisher={Mary Ann Liebert, Inc. 140 Huguenot Street, 3rd Floor New Rochelle, NY 10801 USA}
}

@article{bongard2007automated,
  title={Automated Reverse Engineering of Nonlinear Dynamical Systems},
  author={Bongard, Josh and Lipson, Hod},
  journal={Proceedings of the National Academy of Sciences},
  volume={104},
  number={24},
  pages={9943--9948},
  year={2007},
  publisher={National Acad Sciences}
}

@article{crick1968origin,
  title={The Origin of the Genetic Code},
  author={Crick, Francis HC},
  journal={Journal of Molecular Biology},
  volume={38},
  number={3},
  pages={367--379},
  year={1968},
  publisher={Elsevier}
}


@article{minsky1961steps,
  title={Steps Toward Artificial Intelligence},
  author={Minsky, Marvin},
  journal={Proceedings of the IRE},
  volume={49},
  number={1},
  pages={8--30},
  year={1961},
  publisher={IEEE}
}

@book{feynman1985surely,
  Title={``Surely You're Joking, Mr. Feynman!'': Adventures of a Curious Character},
  author={Feynman, Richard P},
  year={1985}
}


@article{turing1950computing,
  title={Computing Machinery and Intelligence},
  author={Turing, Alan M},
  journal={Mind},
  volume={59},
  number={236},
  pages={433--460},
  year={1950},
  publisher={JSTOR}
}



@inproceedings{miller1989designing,
  title={Designing Neural Networks Using Genetic Algorithms.},
  author={Miller, Geoffrey F and Todd, Peter M and Hegde, Shailesh U},
  Booktitle={Icga},
  volume={89},
  pages={379--384},
  year={1989}
}


@book{davis1867conservative,
  Title={Conservative Surgery},
  author={Davis, Henry Gassett},
  year={1867},
  publisher={Appleton}
}


@inproceedings{smith1996evolution,
  title={Evolution--Natural and Artificial},
  author={Smith, John Maynard},
  year={1996},
  Booktitle={The Philosophy of Artificial Life},
  organization={Oxford University Press}
}

@book{koza1992genetic,
  Title={Genetic Programming: On the Programming of Computers by Means of Natural Selection},
  author={Koza, John R},
  volume={1},
  year={1992},
  publisher={MIT press}
}


@inproceedings{kriegman2017simulating,
  title={Simulating the Evolution of Soft and Rigid-Body Robots},
  author={Kriegman, Sam and Cappelle, Collin and Corucci, Francesco and Bernatskiy, Anton and Cheney, Nick and Bongard, Josh C},
  Booktitle={Proceedings of the Genetic and Evolutionary Computation Conference Companion},
  pages={1117--1120},
  year={2017},
  organization={ACM}
}


@article{stearns1994fitness,
  title={Fitness Sensitivity and the Canalization of Life-History Traits},
  author={Stearns, Stephen C and Kawecki, Tadeusz J},
  journal={Evolution},
  volume={48},
  number={5},
  pages={1438--1450},
  year={1994},
  publisher={Wiley Online Library}
}

@article{stearns1995differential,
  title={The Differential Genetic and Environmental Canalization of Fitness Components in Drosophila Melanogaster},
  author={Stearns, Stephen C and Kaiser, Marcel and Kawecki, Tadeusz J},
  journal={Journal of Evolutionary Biology},
  volume={8},
  number={5},
  pages={539--557},
  year={1995},
  publisher={Wiley Online Library}
}



@inproceedings{clune2010investigating,
  title={Investigating Whether Hyperneat Produces Modular Neural Networks},
  author={Clune, Jeff and Beckmann, Benjamin E and McKinley, Philip K and Ofria, Charles},
  Booktitle={Proceedings of the 12th Annual Conference on Genetic and Evolutionary Computation},
  pages={635--642},
  year={2010},
  organization={ACM}
}

@inproceedings{verbancsics2011constraining,
  title={Constraining Connectivity to Encourage Modularity in Hyperneat},
  author={Verbancsics, Phillip and Stanley, Kenneth O},
  Booktitle={Proceedings of the 13th Annual Conference on Genetic and Evolutionary Computation},
  pages={1483--1490},
  year={2011},
  organization={ACM}
}

@article{watson2016can,
  title={How Can Evolution Learn?},
  author={Watson, Richard A and Szathm{\'a}ry, E{\"o}rs},
  journal={Trends in Ecology \& Evolution},
  volume={31},
  number={2},
  pages={147--157},
  year={2016},
  publisher={Elsevier}
}

@article{mccloskey1989catastrophic,
  title={Catastrophic Interference in Connectionist Networks: The Sequential Learning Problem},
  author={McCloskey, Michael and Cohen, Neal J},
  journal={Psychology of Learning and Motivation},
  volume={24},
  pages={109--165},
  year={1989},
  publisher={Elsevier}
}



@book{merleau2012phenomenology,
  Title={Phenomenology of Perception, Trans. Donald A. Landes, 2012},
  author={Merleau-Ponty, Maurice},
  year={1945},
  publisher={Routledge}
}


@book{waddington1957strategy,
  Title={The Strategy of the Genes},
  author={Waddington, Conrad H},
  year={1957},
  publisher={George Allen \& Unwin Ltd, London}
}


@article{yim2007modular,
  title={Modular Self-Reconfigurable Robot Systems [Grand Challenges of Robotics]},
  author={Yim, Mark and Shen, Wei-Min and Salemi, Behnam and Rus, Daniela and Moll, Mark and Lipson, Hod and Klavins, Eric and Chirikjian, Gregory S},
  journal={IEEE Robotics \& Automation Magazine},
  volume={14},
  number={1},
  pages={43--52},
  year={2007},
  publisher={IEEE}
}

@book{lewontin2001triple,
  Title={The Triple Helix: Gene, Organism, and Environment},
  author={Lewontin, Richard C},
  year={2001},
  publisher={Harvard University Press}
}


@article{su2017one,
  title={One Pixel Attack for Fooling Deep Neural Networks},
  author={Su, Jiawei and Vargas, Danilo Vasconcellos and Kouichi, Sakurai},
  journal={arXiv Preprint arXiv:1710.08864},
  year={2017}
}



@article{brown2017adversarial,
  title={Adversarial Patch},
  author={Brown, Tom B and Man{\'e}, Dandelion and Roy, Aurko and Abadi, Mart{\'\i}n and Gilmer, Justin},
  journal={arXiv Preprint arXiv:1712.09665},
  year={2017}
}


@article{lehman2017safe,
  title={Safe Mutations for Deep and Recurrent Neural Networks Through Output Gradients},
  author={Lehman, Joel and Chen, Jay and Clune, Jeff and Stanley, Kenneth O},
  journal={arXiv Preprint arXiv:1712.06563},
  year={2017}
}

@article{yuen2016fabric,
  title={Active Variable Stiffness Fibers for Multifunctional Robotic Fabrics},
  author={Yuen, Michelle C and Bilodeau, R Adam and Kramer, Rebecca K},
  journal={IEEE Robotics and Automation Letters},
  volume={1},
  number={2},
  pages={708--715},
  year={2016},
  publisher={IEEE}
}


@article{felton2014folding,
  title={A Method for Building Self-Folding Machines},
  author={Felton, S and Tolley, M and Demaine, E and Rus, D and Wood, R},
  journal={Science},
  volume={345},
  number={6197},
  pages={644--646},
  year={2014},
  publisher={American Association for the Advancement of Science}
}




@book{thrun2005probabilistic,
  Title={Probabilistic Robotics},
  author={Thrun, Sebastian and Burgard, Wolfram and Fox, Dieter},
  year={2005},
  publisher={MIT Press}
}



@article{merleau1961eye,
  title={Eye and Mind},
  author={Merleau-Ponty, Maurice},
  journal={Images: A Reader},
  pages={131--134},
  year={1961}
}


@article{egbert2016adapting,
  title={Adapting to Adaptations: Behavioural Strategies That Are Robust to Mutations and Other Organisational-Transformations},
  author={Egbert, Matthew D and P{\'e}rez-Mercader, Juan},
  journal={Scientific Reports},
  volume={6},
  pages={18963},
  year={2016},
  publisher={Nature Publishing Group}
}




@article{majidi2014soft,
  title={Soft Robotics: A Perspective---Current Trends and Prospects for the Future},
  author={Majidi, Carmel},
  journal={Soft Robotics},
  volume={1},
  number={1},
  pages={5--11},
  year={2014},
  publisher={Mary Ann Liebert, Inc. 140 Huguenot Street, 3rd Floor New Rochelle, NY 10801 USA}
}



@inproceedings{brooks1992artificial,
  Title={Artificial Life and Real Robots},
  author={Brooks, Rodney A},
  Booktitle={Proc. First European Conference on Artificial Life},
  pages={3--11},
  year={1992}
}




%%% end gecco 2018 %%%%%


%%% begin 

