@inproceedings{kriegman2019automated,
  title={Automated shapeshifting for function recovery in damaged robots},
  author={Kriegman, Sam and Walker, Stephanie and Shah, Dylan and Levin, Michael and Kramer-Bottiglio, Rebecca and Bongard, Josh},
  booktitle={Proceedings of Robotics: Science and Systems},
  year={2019},
  url={http://www.roboticsproceedings.org/rss15/p28.html}
}

@article{hwangbo2019learning,
  title={Learning agile and dynamic motor skills for legged robots},
  author={Hwangbo, Jemin and Lee, Joonho and Dosovitskiy, Alexey and Bellicoso, Dario and Tsounis, Vassilios and Koltun, Vladlen and Hutter, Marco},
  journal={Science Robotics},
  volume={4},
  number={26},
  elocation-id={eaau5872},
  year={2019},
  URL={https://doi.org/10.1126/scirobotics.aau5872},
  publisher={Science Robotics}
}

@inproceedings{jakobi1995noise,
  title={Noise and the reality gap: The use of simulation in evolutionary robotics},
  author={Jakobi, Nick and Husbands, Phil and Harvey, Inman},
  booktitle={European Conference on Artificial Life},
  pages={704--720},
  year={1995},
  organization={Springer},
  url={https://doi.org/10.1007/3-540-59496-5_337}
}

@inproceedings{matas2018sim,
  title={Sim-to-Real Reinforcement Learning for Deformable Object Manipulation},
  author={Matas, Jan and James, Stephen and Davison, Andrew J},
  booktitle={Proceedings of The 2nd Conference on Robot Learning},
  year={2018},
  pages={734--743},
  volume={87},
  series={Proceedings of Machine Learning Research},
  publisher={PMLR},
  url={http://proceedings.mlr.press/v87/matas18a.html}
}

@article{bongard2006resilient,
  title={Resilient machines through continuous self-modeling},
  author={Bongard, Josh and Zykov, Victor and Lipson, Hod},
  journal={Science},
  volume={314},
  number={5802},
  pages={1118--1121},
  year={2006},
  publisher={American Association for the Advancement of Science},
  url={https://doi.org/10.1126/science.1133687}
}

@article{hiller2014dynamic,
  title={Dynamic simulation of soft multimaterial 3{D}-printed objects},
  author={Hiller, Jonathan and Lipson, Hod},
  journal={Soft Robotics},
  volume={1},
  number={1},
  pages={88--101},
  year={2014},
  publisher={Mary Ann Liebert, Inc.},
  url={https://doi.org/10.1089/soro.2013.0010}
}

@article {kwiatkowski2019task,
  author = {Kwiatkowski, Robert and Lipson, Hod},
  title = {Task-agnostic self-modeling machines},
  volume = {4},
  number = {26},
  elocation-id = {eaau9354},
  year = {2019},
  publisher = {Science Robotics},
  url={http://doi.org/10.1126/scirobotics.aau9354},
  journal = {Science Robotics}
}

@article{lipson2000automatic,
  title={Automatic design and manufacture of robotic lifeforms},
  author={Lipson, Hod and Pollack, Jordan B},
  journal={Nature},
  volume={406},
  number={6799},
  pages={974},
  year={2000},
  publisher={Nature Publishing Group},
  url={https://doi.org/10.1038/35023115}
}

@article{kriegman2019why,
  title={Why virtual creatures matter},
  author={Kriegman, Sam},
  journal={Nature Machine Intelligence},
  year={2019},
  volume={1},
  number={10},
  publisher={Nature Publishing Group},
  note={URL \url{https://doi.org/10.1038/s42256-019-0102-8}\quad URL \url{https://rdcu.be/bTN0S}}
}

@article{cully2015robots,
  title={Robots that can adapt like animals},
  author={Cully, Antoine and Clune, Jeff and Tarapore, Danesh and Mouret, Jean-Baptiste},
  journal={Nature},
  volume={521},
  pages={503--507},
  year={2015},
  url={https://doi.org/10.1038/nature14422}
}

@article{hiller2011automatic,
  title={Automatic design and manufacture of soft robots},
  author={Hiller, Jonathan and Lipson, Hod},
  journal={IEEE Transactions on Robotics},
  volume={28},
  number={2},
  pages={457--466},
  year={2011},
  publisher={IEEE},
  url={https://doi.org/10.1109/TRO.2011.2172702}
}

@article{cellucci20171d,
  title={1D printing of recyclable robots},
  author={Cellucci, Daniel and MacCurdy, Robert and Lipson, Hod and Risi, Sebastian},
  journal={IEEE Robotics and Automation Letters},
  volume={2},
  number={4},
  pages={1964--1971},
  year={2017},
  publisher={IEEE},
  url={https://doi.org/10.1109/LRA.2017.2716418}
}

@book{alexander1988elastic,
  title={Elastic mechanisms in animal movement},
  author={Alexander, R McNeill},
  year={1988},
  isbn={9780521349680},
  publisher={Cambridge University Press Cambridge}
}

@inproceedings{zykov2007molecubes,
  title={Molecubes: An open-source modular robotics kit},
  author={Zykov, Victor and Chan, Andrew and Lipson, Hod},
  year={2007},
  booktitle={IROS Self-Reconfigurable Robotics Workshop},
  url={http://molecubes.org}
}

@article{akkaya2019solving,
  title={Solving Rubik's Cube with a Robot Hand},
  author={Akkaya, Ilge and Andrychowicz, Marcin and Chociej, Maciek and Litwin, Mateusz and McGrew, Bob and Petron, Arthur and Paino, Alex and Plappert, Matthias and Powell, Glenn and Ribas, Raphael and others},
  journal={arXiv preprint},
  year={2019},
  url={https://arxiv.org/abs/1910.07113}
}

@inproceedings{tan2018sim,
  title={Sim-to-Real: Learning Agile Locomotion For Quadruped Robots},
  author={Tan, Jie and Zhang, Tingnan and Coumans, Erwin and Iscen, Atil and Bai, Yunfei and Hafner, Danijar and Bohez, Steven and Vanhoucke, Vincent},
  booktitle={Proceedings of Robotics: Science and Systems},
  url={https://doi.org/10.15607/RSS.2018.XIV.010},
  year={2018}
}

@inproceedings{peng2018sim,
  title={Sim-to-real transfer of robotic control with dynamics randomization},
  author={Peng, Xue Bin and Andrychowicz, Marcin and Zaremba, Wojciech and Abbeel, Pieter},
  booktitle={The IEEE International Conference on Robotics and Automation (ICRA)},
  year={2018},
  url={https://doi.org/10.1109/ICRA.2018.8460528}
}

@inproceedings{tobin2017domain,
  title={Domain randomization for transferring deep neural networks from simulation to the real world},
  author={Tobin, Josh and Fong, Rachel and Ray, Alex and Schneider, Jonas and Zaremba, Wojciech and Abbeel, Pieter},
  booktitle={The IEEE/RSJ International Conference on Intelligent Robots and Systems (IROS)},
  year={2017},
  url={https://doi.org/10.1109/IROS.2017.8202133}
}

@article{koos2012transferability,
  title={The transferability approach: Crossing the reality gap in evolutionary robotics},
  author={Koos, Sylvain and Mouret, Jean-Baptiste and Doncieux, St{\'e}phane},
  journal={IEEE Transactions on Evolutionary Computation},
  volume={17},
  number={1},
  pages={122--145},
  year={2012},
  publisher={IEEE},
  url={https://doi.org/10.1109/TEVC.2012.2185849}
}

@inproceedings{holden2019subspace,
  title={Subspace neural physics: fast data-driven interactive simulation},
  author={Holden, Daniel and Duong, Bang Chi and Datta, Sayantan and Nowrouzezahrai, Derek},
  booktitle={Proceedings of the 18th annual ACM SIGGRAPH/Eurographics Symposium on Computer Animation},
  pages={6},
  year={2019},
  organization={ACM},
  url={https://doi.org/10.1145/3309486.3340245}
}


@article{hauser2019resilient,
  title={Resilient machines through adaptive morphology},
  author={Hauser, Helmut},
  journal={Nature Machine Intelligence},
  pages={1},
  year={2019},
  publisher={Nature Publishing Group},
  url={https://doi.org/10.1038/s42256-019-0076-6}
}

@inproceedings{sadeghi2018sim2real,
  title={Sim2real viewpoint invariant visual servoing by recurrent control},
  author={Sadeghi, Fereshteh and Toshev, Alexander and Jang, Eric and Levine, Sergey},
  booktitle={Proceedings of the IEEE Conference on Computer Vision and Pattern Recognition},
  pages={4691--4699},
  year={2018},
  url={https://doi.org/10.1109/CVPR.2018.00493}
}

@inproceedings{chebotar2019closing,
  title={Closing the sim-to-real loop: Adapting simulation randomization with real world experience},
  author={Chebotar, Yevgen and Handa, Ankur and Makoviychuk, Viktor and Macklin, Miles and Issac, Jan and Ratliff, Nathan and Fox, Dieter},
  booktitle={The International Conference on Robotics and Automation (ICRA)},
  pages={8973--8979},
  year={2019},
  organization={IEEE},
  url={https://doi.org/10.1109/ICRA.2019.8793789}
}

@article{macklin2019non,
  title={Non-smooth Newton Methods for Deformable Multi-body Dynamics},
  author={Macklin, Miles and Erleben, Kenny and M{\"u}ller, Matthias and Chentanez, Nuttapong and Jeschke, Stefan and Makoviychuk, Viktor},
  journal={ACM Transactions on Graphics (TOG)},
  volume={38},
  number={5},
  pages={140},
  year={2019},
  publisher={ACM},
  url={https://doi.org/10.1145/3338695}
}


@article{wang2016descent,
  title={Descent methods for elastic body simulation on the GPU},
  author={Wang, Huamin and Yang, Yin},
  journal={ACM Transactions on Graphics (TOG)},
  volume={35},
  number={6},
  pages={212},
  year={2016},
  publisher={ACM},
  url={https://doi.org/10.1145/2980179.2980236}
}

@InProceedings{rusu2017sim,
  title={Sim-to-Real Robot Learning from Pixels with Progressive Nets},
  author={Andrei A. Rusu and Matej Večerík and Thomas Rothörl and Nicolas Heess and Razvan Pascanu and Raia Hadsell},
  booktitle={Proceedings of the 1st Annual Conference on Robot Learning},
  pages={262--270},
  year={2017},
  volume={78},
  series={Proceedings of Machine Learning Research},
  publisher={PMLR},
  url={http://proceedings.mlr.press/v78/rusu17a.html},
}

@InProceedings{james2017transferring,
  title ={Transferring End-to-End Visuomotor Control from Simulation to Real World for a Multi-Stage Task},
  author ={Stephen James and Andrew J. Davison and Edward Johns},
  booktitle ={Proceedings of the 1st Annual Conference on Robot Learning},
  pages ={334--343},
  year ={2017},
  volume ={78},
  series ={Proceedings of Machine Learning Research},
  publisher ={PMLR},
  url ={http://proceedings.mlr.press/v78/james17a.html},
}

@article{rosser2019sim2real,
  title={Sim2real transfer degrades non-monotonically with morphological complexity for flapping wing design},
  author={Rosser, Kent and Kok, Jia and Chahl, Javaan and Bongard, Josh},
  year={2019},
  journal={arXiv preprint},
  url={https://arxiv.org/abs/1910.13790}
}

@article{bharadhwaj2018data,
  title={A Data-Efficient Framework for Training and Sim-to-Real Transfer of Navigation Policies},
  author={Bharadhwaj, Homanga and Wang, Zihan and Bengio, Yoshua and Paull, Liam},
  journal={arXiv preprint},
  url={https://arxiv.org/abs/1810.04871},
  year={2018}
}

@INPROCEEDINGS{Pinto-RSS-18, 
    AUTHOR={Lerrel Pinto AND Marcin Andrychowicz AND Peter Welinder AND Wojciech Zaremba AND Pieter Abbeel}, 
    TITLE= {Asymmetric Actor Critic for Image-Based Robot Learning}, 
    BOOKTITLE={Proceedings of Robotics: Science and Systems}, 
    YEAR= {2018}, 
    url= {https://doi.org/10.15607/RSS.2018.XIV.008} 
} 

@InProceedings{pmlr-v87-golemo18a,
  title ={Sim-to-Real Transfer with Neural-Augmented Robot Simulation},
  author ={Golemo, Florian and Taiga, Adrien Ali and Courville, Aaron and Oudeyer, Pierre-Yves},
  booktitle ={Proceedings of The 2nd Conference on Robot Learning},
  pages ={817--828},
  year ={2018},
  volume ={87},
  series ={Proceedings of Machine Learning Research},
  publisher ={PMLR},
  url ={http://proceedings.mlr.press/v87/golemo18a.html},
  }

@article{cliff1993explorations,
  title={Explorations in evolutionary robotics},
  author={Cliff, Dave and Husbands, Phil and Harvey, Inman},
  journal={Adaptive behavior},
  volume={2},
  number={1},
  pages={73--110},
  year={1993},
  publisher={Sage},
  url={https://doi.org/10.1177/105971239300200104}
}

@article{Miglino1994Selection,
author = {Miglino, Orazio and Nafasi, Kourosh and Taylor, Charles E.},
title = {Selection for Wandering Behavior in a Small Robot},
journal = {Artificial Life},
volume = {2},
number = {1},
pages = {101-116},
year = {1994},
URL = {https://doi.org/10.1162/artl.1994.2.1.101},
}

@article{HARVEY1997205,
title = "Evolutionary robotics: the Sussex approach",
journal = "Robotics and Autonomous Systems",
volume = "20",
number = "2",
pages = "205 - 224",
year = "1997",
issn = "0921-8890",
url = "https://doi.org/10.1016/S0921-8890(96)00067-X",
author = "I. Harvey and P. Husbands and D. Cliff and A. Thompson and N. Jakobi"
}

@article{miglino1995evolving,
  title={Evolving mobile robots in simulated and real environments},
  author={Miglino, Orazio and Lund, Henrik Hautop and Nolfi, Stefano},
  journal={Artificial life},
  volume={2},
  number={4},
  pages={417--434},
  year={1995},
  publisher={MIT Press},
  url={https://doi.org/10.1162/artl.1995.2.4.417}
}

@inproceedings{tobin2018domain,
  title={Domain randomization and generative models for robotic grasping},
  author={Tobin, Josh and Biewald, Lukas and Duan, Rocky and Andrychowicz, Marcin and Handa, Ankur and Kumar, Vikash and McGrew, Bob and Ray, Alex and Schneider, Jonas and Welinder, Peter and others},
  booktitle={IEEE/RSJ International Conference on Intelligent Robots and Systems (IROS)},
  pages={3482--3489},
  year={2018},
  url={https://doi.org/10.1109/IROS.2018.8593933}
}
  
@INPROCEEDINGS{Fox-RSS-19, 
    AUTHOR    = {Fabio Ramos AND Rafael Possas AND Dieter Fox}, 
    TITLE     = {BayesSim: Adaptive Domain Randomization Via Probabilistic Inference for Robotics Simulators}, 
    BOOKTITLE = {Proceedings of Robotics: Science and Systems}, 
    YEAR      = {2019}, 
    URL       = {https://doi.org/10.15607/RSS.2019.XV.029} 
} 

@inproceedings{cheney2013unshackling,
  title={Unshackling evolution: evolving soft robots with multiple materials and a powerful generative encoding},
  author={Cheney, Nick and MacCurdy, Robert and Clune, Jeff and Lipson, Hod},
  booktitle={Proceedings of the Genetic and Evolutionary Computation Conference},
  pages={167--174},
  year={2013},
  organization={ACM},
  url={https://doi.org/10.1145/2463372.2463404}
}


@inproceedings{moeckel2013gait,
  title={Gait optimization for roombots modular robots—Matching simulation and reality},
  author={Moeckel, Rico and Perov, Yura N and Nguyen, Anh The and Vespignani, Massimo and Bonardi, St{\'e}phane and Pouya, Soha and Sproewitz, Alexander and van den Kieboom, Jesse and Wilhelm, Fr{\'e}d{\'e}ric and Ijspeert, Auke Jan},
  booktitle={The IEEE/RSJ International Conference on Intelligent Robots and Systems (IROS)},
  pages={3265--3272},
  year={2013},
  url={https://doi.org/10.1109/IROS.2013.6696820}
}

@inproceedings{nachum2019multi,
  title={Multi-agent manipulation via locomotion using hierarchical sim2real},
  author={Nachum, Ofir and Ahn, Michael and Ponte, Hugo and Gu, Shixiang and Kumar, Vikash},
  booktitle={Proceedings of The 3rd Conference on Robot Learning},
  year={2019},
  url={https://arxiv.org/abs/1908.05224}
}


@article{sims1994competition,
  title={Evolving 3D morphology and behavior by competition},
  author={Sims, Karl},
  journal={Artificial life},
  volume={1},
  number={4},
  pages={353--372},
  year={1994},
  publisher={MIT Press},
  url={https://doi.org/10.1162/artl.1994.1.4.353}
}

@article{cheney2018scalable,
  title={Scalable co-optimization of morphology and control in embodied machines},
  author={Cheney, Nick and Bongard, Josh and SunSpiral, Vytas and Lipson, Hod},
  journal={Journal of The Royal Society Interface},
  volume={15},
  number={143},
  pages={20170937},
  year={2018},
  publisher={The Royal Society},
  url={https://doi.org/10.1098/rsif.2017.0937}
}



@article{levin2013reprogramming,
author = {Levin, Michael},
title = {Reprogramming cells and tissue patterning via bioelectrical pathways: molecular mechanisms and biomedical opportunities},
journal = {Wiley Interdisciplinary Reviews: Systems Biology and Medicine},
volume = {5},
number = {6},
pages = {657-676},
url = {https://doi.org/10.1002/wsbm.1236},
year = {2013}
}

@article{caluwaerts2014design,
  title={Design and control of compliant tensegrity robots through simulation and hardware validation},
  author={Caluwaerts, Ken and Despraz, J{\'e}r{\'e}mie and I{\c{s}}{\c{c}}en, At{\i}l and Sabelhaus, Andrew P and Bruce, Jonathan and Schrauwen, Benjamin and SunSpiral, Vytas},
  journal={Journal of the royal society interface},
  volume={11},
  number={98},
  pages={20140520},
  year={2014},
  publisher={The Royal Society},
  url={https://doi.org/10.1098/rsif.2014.0520}
}


@inproceedings{collins2019quantifying,
  title={Quantifying the reality gap in robotic manipulation tasks},
  author={Collins, Jack and Howard, David and Leitner, Jurgen},
  booktitle={The International Conference on Robotics and Automation (ICRA)},
  pages={6706--6712},
  year={2019},
  organization={IEEE},
  url={https://doi.org/10.1109/ICRA.2019.8793591}
}

@article{majidi2013influence,
  title={Influence of surface traction on soft robot undulation},
  author={Majidi, Carmel and Shepherd, Robert F and Kramer, Rebecca K and Whitesides, George M and Wood, Robert J},
  journal={The International Journal of Robotics Research},
  volume={32},
  number={13},
  pages={1577--1584},
  year={2013},
  publisher={SAGE},
  url={https://doi.org/10.1177/0278364913498432}
}

@inproceedings{pathak19assemblies,
  Author = {Pathak, Deepak and
  Lu, Chris and Darrell, Trevor and
  Isola, Phillip and Efros, Alexei A.},
  Title = {Learning to Control Self-
  Assembling Morphologies: A Study of
  Generalization via Modularity},
  Booktitle = {arXiv preprint},
  url={https://arxiv.org/abs/1902.05546},
  Year = {2019}
}
