@article{ward1963hierarchical,
  title={Hierarchical grouping to optimize an objective function},
  author={Ward Jr, Joe H},
  journal={Journal of the American statistical association},
  volume={58},
  number={301},
  pages={236--244},
  year={1963},
  publisher={Taylor \& Francis}
}

@article{lynch2010evolution,
  title={Evolution of the mutation rate},
  author={Lynch, Michael},
  journal={Trends in genetics},
  volume={26},
  number={8},
  pages={345--352},
  year={2010},
  publisher={Elsevier}
}

@article{simpson1953baldwin,
  title={The baldwin effect},
  author={Simpson, George Gaylord},
  journal={Evolution},
  volume={7},
  number={2},
  pages={110--117},
  year={1953},
  publisher={Wiley Online Library}
}


@article{grabowsky1994symmetry,
  title={Symmetry, locomotion, and the evolution of an anterior end: a lesson from sea urchins},
  author={Grabowsky, Gail L},
  journal={Evolution},
  volume={48},
  number={4},
  pages={1130--1146},
  year={1994},
  publisher={Wiley Online Library}
}


@article{ancel1999quantitative,
  title={A quantitative model of the Simpson--Baldwin effect},
  author={Ancel, Lauren W},
  journal={Journal of theoretical biology},
  volume={196},
  number={2},
  pages={197--209},
  year={1999},
  publisher={Elsevier}
}

@article{ancel2000undermining,
  title={Undermining the Baldwin expediting effect: does phenotypic plasticity accelerate evolution?},
  author={Ancel, Lauren W},
  journal={Theoretical population biology},
  volume={58},
  number={4},
  pages={307--319},
  year={2000},
  publisher={Elsevier}
}




@article{santos2015phenotypic,
  title={Phenotypic plasticity, the baldwin effect, and the speeding up of evolution: The computational roots of an illusion},
  author={Santos, Mauro and Szathm{\'a}ry, E{\"o}rs and Fontanari, Jos{\'e} F},
  journal={Journal of theoretical biology},
  volume={371},
  pages={127--136},
  year={2015},
  publisher={Elsevier}
}

@article{fontanari2017revival,
  title={The revival of the Baldwin effect},
  author={Fontanari, Jos{\'e} F and Santos, Mauro},
  journal={The European Physical Journal B},
  volume={90},
  number={10},
  pages={186},
  year={2017},
  publisher={Springer}
}

@article{wagner2007road,
  title={The road to modularity},
  author={Wagner, G{\"u}nter P and Pavlicev, Mihaela and Cheverud, James M},
  journal={Nature reviews. Genetics},
  volume={8},
  number={12},
  pages={921},
  year={2007},
  publisher={Nature Publishing Group}
}

@article{smith2008open,
  title={Open dynamics engine v0.5 user guide},
  author={Smith, Russell},
  journal={URL http://www. ode. org/ode-docs. html},
  year={2008}
}


@techreport{hollander1999nonparametric,
  title={Nonparametric statistical methods},
  author={Hollander, Myles and Hollander, Myles},
  year={1999},
  publisher={John Wiley \& Sons}
}

@inproceedings{clune2013evolutionary,
  title={The evolutionary origins of modularity},
  author={Clune, Jeff and Mouret, Jean-Baptiste and Lipson, Hod},
  booktitle={Proc. R. Soc. B},
  volume={280},
  number={1755},
  pages={20122863},
  year={2013},
  organization={The Royal Society}
}

@inproceedings{clune2011evolving,
  title={Evolving Three-Dimensional Objects with a Generative Encoding Inspired by Developmental Biology},
  author={Clune, Jeff and Lipson, Hod},
  booktitle={In Proc. of the European Conference on Artificial Life (ECAL’11},
  year={2011},
  organization={Citeseer}
}

@article{szegedy2013intriguing,
  title={Intriguing properties of neural networks},
  author={Szegedy, Christian and Zaremba, Wojciech and Sutskever, Ilya and Bruna, Joan and Erhan, Dumitru and Goodfellow, Ian and Fergus, Rob},
  journal={arXiv preprint arXiv:1312.6199},
  year={2013}
}

@article{murren2015constraints,
  title={Constraints on the evolution of phenotypic plasticity: limits and costs of phenotype and plasticity},
  author={Murren, Courtney J and Auld, Josh R and Callahan, H and Ghalambor, Cameron K and Handelsman, Corey A and Heskel, Mary A and Kingsolver, JG and Maclean, Heidi J and Masel, Joanna and Maughan, Heather and others},
  journal={Heredity},
  volume={115},
  number={4},
  pages={293--301},
  year={2015},
  publisher={Nature Publishing Group}
}

@article{pfennig2010phenotypic,
  title={Phenotypic plasticity's impacts on diversification and speciation},
  author={Pfennig, David W and Wund, Matthew A and Snell-Rood, Emilie C and Cruickshank, Tami and Schlichting, Carl D and Moczek, Armin P},
  journal={Trends in ecology \& evolution},
  volume={25},
  number={8},
  pages={459--467},
  year={2010},
  publisher={Elsevier}
}

@article{dewitt1998costs,
  title={Costs and limits of phenotypic plasticity},
  author={DeWitt, Thomas J and Sih, Andrew and Wilson, David Sloan},
  journal={Trends in ecology \& evolution},
  volume={13},
  number={2},
  pages={77--81},
  year={1998},
  publisher={Elsevier}
}


@article{snell2012selective,
  title={Selective Processes in Development: Implications for the Costs and Benefits of Phenotypic Plasticity.},
  author={Snell-Rood, Emilie C},
  journal={Integrative \& Comparative Biology},
  publisher={Oxford University Press},
  volume={52},
  number={1},
  year={2012}
}

@article{snell2013overview,
  title={An overview of the evolutionary causes and consequences of behavioural plasticity},
  author={Snell-Rood, Emilie C},
  journal={Animal Behaviour},
  volume={85},
  number={5},
  pages={1004--1011},
  year={2013},
  publisher={Elsevier}
}

@article{snell2015life,
  title={Life history as a constraint on plasticity: developmental timing is correlated with phenotypic variation in birds},
  author={Snell-Rood, E C and Swanson, E M and Young, R L},
  journal={Heredity},
  volume={115},
  number={4},
  pages={379--388},
  year={2015},
  publisher={Nature Publishing Group}
}

@inproceedings{nguyen2015deep,
  title={Deep neural networks are easily fooled: High confidence predictions for unrecognizable images},
  author={Nguyen, Anh and Yosinski, Jason and Clune, Jeff},
  booktitle={Proceedings of the IEEE Conference on Computer Vision and Pattern Recognition},
  pages={427--436},
  year={2015}
}

@article{carlson2005ugvs,
  title={How UGVs physically fail in the field},
  author={Carlson, Jennifer and Murphy, Robin R},
  journal={IEEE Transactions on robotics},
  volume={21},
  number={3},
  pages={423--437},
  year={2005},
  publisher={IEEE}
}

@article{kirkpatrick2017overcoming,
  title={Overcoming catastrophic forgetting in neural networks},
  author={Kirkpatrick, James and Pascanu, Razvan and Rabinowitz, Neil and Veness, Joel and Desjardins, Guillaume and Rusu, Andrei A and Milan, Kieran and Quan, John and Ramalho, Tiago and Grabska-Barwinska, Agnieszka and others},
  journal={Proceedings of the National Academy of Sciences},
  pages={201611835},
  year={2017},
  publisher={National Acad Sciences}
}

@article{pfeifer2012challenges,
  title={The challenges ahead for bio-inspired `soft' robotics},
  author={Pfeifer, Rolf and Lungarella, Max and Iida, Fumiya},
  journal={Communications of the ACM},
  volume={55},
  number={11},
  pages={76--87},
  year={2012},
  publisher={ACM}
}

@article{kim2013soft,
  title={Soft robotics: a bioinspired evolution in robotics},
  author={Kim, Sangbae and Laschi, Cecilia and Trimmer, Barry},
  journal={Trends in biotechnology},
  volume={31},
  number={5},
  pages={287--294},
  year={2013},
  publisher={Elsevier}
}

@article{french1999catastrophic,
  title={Catastrophic forgetting in connectionist networks},
  author={French, Robert M},
  journal={Trends in cognitive sciences},
  volume={3},
  number={4},
  pages={128--135},
  year={1999},
  publisher={Elsevier}
}

@inproceedings{auerbach2010evolving,
  title={Evolving CPPNs to grow three-dimensional physical structures},
  author={Auerbach, Joshua E and Bongard, Josh C},
  booktitle={Proceedings of the 12th annual conference on Genetic and evolutionary computation},
  pages={627--634},
  year={2010},
  organization={ACM}
}


@inproceedings{auerbach2011evolving,
  title={Evolving complete robots with CPPN-NEAT: the utility of recurrent connections},
  author={Auerbach, Joshua E and Bongard, Josh C},
  booktitle={Proceedings of the 13th annual conference on Genetic and evolutionary computation},
  pages={1475--1482},
  year={2011},
  organization={ACM}
}

@article {Panchanathan20152439,
	author = {Panchanathan, Karthik and Frankenhuis, Willem E.},
	title = {The evolution of sensitive periods in a model of incremental development},
	volume = {283},
	number = {1823},
	year = {2016},
	doi = {10.1098/rspb.2015.2439},
	publisher = {The Royal Society},
	issn = {0962-8452},
	URL = {http://rspb.royalsocietypublishing.org/content/283/1823/20152439},
	eprint = {http://rspb.royalsocietypublishing.org/content/283/1823/20152439.full.pdf},
	journal = {Proceedings of the Royal Society of London B: Biological Sciences}
}

@Article{Fawcett2015,
author="Fawcett, Tim W.
and Frankenhuis, Willem E.",
title="Adaptive explanations for sensitive windows in development",
journal="Frontiers in Zoology",
year="2015",
month="Aug",
day="24",
volume="12",
number="1",
pages="S3",
issn="1742-9994",
doi="10.1186/1742-9994-12-S1-S3"
}




@article{lipson2007principles,
  title={Principles of modularity, regularity, and hierarchy for scalable systems},
  author={Lipson, Hod},
  journal={The Journal of Biological Physics and Chemistry},
  volume={7},
  number={4},
  pages={125--128},
  year={2007}
}

@article{kashtan2005spontaneous,
  title={Spontaneous evolution of modularity and network motifs},
  author={Kashtan, Nadav and Alon, Uri},
  journal={Proceedings of the National Academy of Sciences of the United States of America},
  volume={102},
  number={39},
  pages={13773--13778},
  year={2005},
  publisher={National Acad Sciences}
}

@article{espinosa2010specialization,
  title={Specialization can drive the evolution of modularity},
  author={Espinosa-Soto, Carlos and Wagner, Andreas},
  journal={PLoS computational biology},
  volume={6},
  number={3},
  pages={e1000719},
  year={2010},
  publisher={Public Library of Science}
}


@article{wagner1996perspective,
  title={Perspective: complex adaptations and the evolution of evolvability},
  author={Wagner, G{\"u}nter P and Altenberg, Lee},
  journal={Evolution},
  volume={50},
  number={3},
  pages={967--976},
  year={1996},
  publisher={Wiley Online Library}
}

@book{ashby1952design,
  title={Design for a brain: The origin of adaptive behavior},
  author={Ashby, W Ross},
  year={1952},
  publisher={Chapman \& Hall}
}

@inproceedings{floreano1997adaptive,
  title={Adaptive behavior in competing co-evolving species},
  author={Floreano, Dario and Nolfi, Stefano},
  booktitle={4th European Conference on Artificial Life},
  pages={378--387},
  year={1997}
}


@inproceedings{todd1991exploring,
  title={Exploring adaptive agency II: Simulating the evolution of associative learning},
  author={Todd, Peter M and Miller, Geoffrey F},
  booktitle={Proceedings of the first international conference on simulation of adaptive behavior on From animals to animats},
  pages={306--315},
  year={1991},
  organization={MIT Press}
}



@article{yamauchi1994sequential,
  title={Sequential behavior and learning in evolved dynamical neural networks},
  author={Yamauchi, Brian M and Beer, Randall D},
  journal={Adaptive Behavior},
  volume={2},
  number={3},
  pages={219--246},
  year={1994},
  publisher={Sage Publications Sage CA: Thousand Oaks, CA}
}

@article{yamauchi1994integrating,
  title={Integrating reactive, sequential, and learning behavior using dynamical neural networks},
  author={Yamauchi, Brian and Beer, Randall},
  journal={From Animals to Animats},
  volume={3},
  pages={382--391},
  year={1994}
}

@inproceedings{husbands1998evolving,
  title={Evolving robot behaviours with diffusing gas networks},
  author={Husbands, Phil},
  booktitle={European Workshop on Evolutionary Robotics},
  pages={71--86},
  year={1998},
  organization={Springer}
}

@inproceedings{husbands1998brains,
  title={Brains, gases and robots},
  author={Husbands, Phil and Smith, Tom and O’Shea, Michael and Jakobi, Nick and Anderson, John and Philippides, Andy},
  booktitle={Proc. ICANN},
  volume={98},
  year={1998}
}

@article{husbands1998better,
  title={Better living through chemistry: Evolving GasNets for robot control},
  author={Husbands, Phil and Smith, Tom and Jakobi, Nick and O'Shea, Michael},
  journal={Connection Science},
  volume={10},
  number={3-4},
  pages={185--210},
  year={1998},
  publisher={Taylor \& Francis}
}

@article{garthwaite1991glutamate,
  title={Glutamate, nitric oxide and cell-cell signalling in the nervous system},
  author={Garthwaite, John},
  journal={Trends in neurosciences},
  volume={14},
  number={2},
  pages={60--67},
  year={1991},
  publisher={Elsevier}
}

@inproceedings{brooks1992artificial,
  title={Artificial life and real robots},
  author={Brooks, Rodney A},
  booktitle={Proceedings of the First European Conference on artificial life},
  year={1992}
}

@article{brooks1991intelligence,
  title={Intelligence without representation},
  author={Brooks, Rodney A},
  journal={Artificial intelligence},
  volume={47},
  number={1-3},
  pages={139--159},
  year={1991},
  publisher={Elsevier}
}

@article{jakobi1995noise,
  title={Noise and the reality gap: The use of simulation in evolutionary robotics},
  author={Jakobi, Nick and Husbands, Phil and Harvey, Inman},
  journal={Advances in artificial life},
  pages={704--720},
  year={1995},
  publisher={Springer}
}

@article{tuci2002evolutionary,
  title={An evolutionary ecological approach to the study of learning behavior using a robot-based model},
  author={Tuci, Elio and Quinn, Matt and Harvey, Inman},
  journal={Adaptive Behavior},
  volume={10},
  number={3-4},
  pages={201--221},
  year={2002},
  publisher={SAGE Publications}
}



@article{koos2013transferability,
  title={The transferability approach: Crossing the reality gap in evolutionary robotics},
  author={Koos, Sylvain and Mouret, Jean-Baptiste and Doncieux, St{\'e}phane},
  journal={IEEE Transactions on Evolutionary Computation},
  volume={17},
  number={1},
  pages={122--145},
  year={2013},
  publisher={IEEE}
}


@inproceedings{eggenberger1999toward,
  title={Toward Seamless Transfer from Simulated to Real Worlds: A Dynamically—Rearranging Neural Network Approach},
  author={Eggenberger, Peter and Ishiguro, Akio and Tokura, Seiji and Kondo, Toshiyuki and Uchikawa, Yoshiki},
  booktitle={European Workshop on Learning Robots},
  pages={44--60},
  year={1999},
  organization={Springer}
}

@inproceedings{ziemke1996towards,
  title={Towards adaptive behaviour system integration using connectionist infinite state automata},
  author={Ziemke, Tom},
  year={1996},
  booktitle={From Animals to Animats 4. Proceedings of the fourth international conference on simulated and adaptive behavior.}
}

@article{smith2002neuronal,
  title={Neuronal plasticity and temporal adaptivity: GasNet robot control networks},
  author={Smith, Tom and Husbands, Phil and Philippides, Andy and O'Shea, Michael},
  journal={Adaptive Behavior},
  volume={10},
  number={3-4},
  pages={161--183},
  year={2002},
  publisher={SAGE Publications}
}


@article{bongard2006resilient,
  title={Resilient machines through continuous self-modeling},
  author={Bongard, Josh and Zykov, Victor and Lipson, Hod},
  journal={Science},
  volume={314},
  number={5802},
  pages={1118--1121},
  year={2006},
  publisher={American Association for the Advancement of Science}
}


@article{cully2015robots,
  title={Robots that can adapt like animals},
  author={Cully, Antoine and Clune, Jeff and Tarapore, Danesh and Mouret, Jean-Baptiste},
  journal={Nature},
  volume={521},
  pages={503--507},
  year={2015}
}


@article{lipson2002origin,
  title={On the origin of modular variation},
  author={Lipson, Hod and Pollack, Jordan B and Suh, Nam P},
  journal={Evolution},
  volume={56},
  number={8},
  pages={1549--1556},
  year={2002},
  publisher={BioOne}
}


@article{scikit-learn,
 title={Scikit-learn: Machine Learning in {P}ython},
 author={Pedregosa, F. and Varoquaux, G. and Gramfort, A. and Michel, V.
         and Thirion, B. and Grisel, O. and Blondel, M. and Prettenhofer, P.
         and Weiss, R. and Dubourg, V. and Vanderplas, J. and Passos, A. and
         Cournapeau, D. and Brucher, M. and Perrot, M. and Duchesnay, E.},
 journal={Journal of Machine Learning Research},
 volume={12},
 pages={2825--2830},
 year={2011}
}

@inproceedings{dellaert1994toward,
  title={Toward an evolvable model of development for autonomous agent synthesis},
  author={Dellaert, Frank and Beer, Randall D},
  booktitle={Artificial Life IV, Proceedings of the Fourth International Workshop on the Synthesis and Simulation of Living Systems},
  pages={246--257},
  year={1994},
  organization={MIT Press}
}

@inproceedings{dellaert1996developmental,
  title={A Developmental Model for the Evolution of Complete Autonomous Agents},
  author={Dellaert, Frank and Beer, Randall D},
  booktitle={Proceedings of the fourth international conference on simulation of adaptive behavior},
  year={1996}
}

@incollection{doursat2009organically,
  title={Organically grown architectures: Creating decentralized, autonomous systems by embryomorphic engineering},
  author={Doursat, Ren{\'e}},
  booktitle={Organic computing},
  pages={167--199},
  year={2009},
  publisher={Springer}
}

@incollection{doursat2010growing,
  title={The growing canvas of biological development: multiscale pattern generation on an expanding lattice of gene regulatory nets},
  author={Doursat, Ren{\'e}},
  booktitle={Unifying Themes in Complex Systems},
  pages={205--210},
  year={2010},
  publisher={Springer}
}


@article{dawkins1989evolution,
  title={The evolution of evolvality},
  author={Dawkins, R},
  journal={Artificial Life},
  pages={201--220},
  year={1989},
  publisher={Addison-Wesley}
}


@article{mouret2015illuminating,
  title={Illuminating search spaces by mapping elites},
  author={Mouret, Jean-Baptiste and Clune, Jeff},
  journal={arXiv preprint arXiv:1504.04909},
  year={2015}
}

@article{hogeweg2000shapes,
  title={Shapes in the shadow: evolutionary dynamics of morphogenesis},
  author={Hogeweg, Paulien},
  journal={Artificial life},
  volume={6},
  number={1},
  pages={85--101},
  year={2000},
  publisher={MIT Press}
}

@article{hogeweg2000evolving,
  title={Evolving mechanisms of morphogenesis: on the interplay between differential adhesion and cell differentiation},
  author={Hogeweg, P},
  journal={Journal of Theoretical Biology},
  volume={203},
  number={4},
  pages={317--333},
  year={2000},
  publisher={Elsevier}
}


@article{joachimczak2008evo,
  title={Evo-devo in silico: a Model of a Gene Network Regulating Multicellular Development in 3D Space with Artificial Physics},
  author={Joachimczak, Micha{\l} and Wr{\'o}bel, Borys},
  journal={Artificial Life},
  volume={11},
  pages={297},
  year={2008}
}

@article{joachimczak2012brainless,
  title={Brainless bodies: controlling the development and behavior of multicellular animats by gene regulation and diffusive signals},
  author={Joachimczak, Michal and Kowaliw, Taras and Doursat, Ren{\'e} and Wr{\'o}bel, Borys},
  journal={Artificial life},
  volume={13},
  pages={349--356},
  year={2012}
}


@inproceedings{joachimczak2012co,
  title={Co-evolution of morphology and control of soft-bodied multicellular animats},
  author={Joachimczak, Micha{\l} and Wr{\'o}bel, Borys},
  booktitle={Proceedings of the 14th annual conference on Genetic and evolutionary computation},
  pages={561--568},
  year={2012},
  organization={ACM}
}

@article{joachimczak2015improving,
  title={Improving evolvability of morphologies and controllers of developmental soft-bodied robots with novelty search},
  author={Joachimczak, Micha{\l} and Suzuki, Reiji and Arita, Takaya},
  journal={Frontiers in Robotics and AI},
  volume={2},
  pages={33},
  year={2015},
  publisher={Frontiers}
}


@article{joachimczak2016artificial,
  title={Artificial metamorphosis: evolutionary design of transforming, Soft-bodied Robots},
  author={Joachimczak, Micha{\l} and Suzuki, Reiji and Arita, Takaya},
  journal={Artificial life},
  year={2016},
  publisher={MIT Press}
}

@article{Cheney201619,
title = "Topological evolution for embodied cellular automata ",
journal = "Theoretical Computer Science ",
volume = "633",
number = "",
pages = "19 - 27",
year = "2016",
note = "Biologically Inspired Processes in Neural Computation ",
issn = "0304-3975",
doi = "https://doi.org/10.1016/j.tcs.2015.06.024",
author = "Nick Cheney and Hod Lipson",
}


@article{miriyev2017soft,
  title={Soft material for soft actuators},
  author={Miriyev, Aslan and Stack, Kenneth and Lipson, Hod},
  journal={Nature Communications},
  volume={8},
  year={2017},
  publisher={Nature Publishing Group}
}

@article{wehner2016integrated,
  title={An integrated design and fabrication strategy for entirely soft, autonomous robots.},
  author={Wehner, Michael and Truby, Ryan L and Fitzgerald, Daniel J and Mosadegh, Bobak and Whitesides, George M and Lewis, Jennifer A and Wood, Robert J},
  journal={Nature},
  volume={536},
  number={7617},
  pages={451--455},
  year={2016}
}

@article{collins2005efficient,
  title={Efficient bipedal robots based on passive-dynamic walkers},
  author={Collins, Steve and Ruina, Andy and Tedrake, Russ and Wisse, Martijn},
  journal={Science},
  volume={307},
  number={5712},
  pages={1082--1085},
  year={2005},
  publisher={American Association for the Advancement of Science}
}

@inproceedings{lichtensteiger1999evolving,
  title={Evolving the morphology of a compound eye on a robot},
  author={Lichtensteiger, Lukas and Eggenberger, Peter},
  booktitle={Advanced Mobile Robots, 1999.(Eurobot'99) 1999 Third European Workshop on},
  pages={127--134},
  year={1999},
  organization={IEEE}
}


@inproceedings{floreano1996evolution,
  title={Evolution of Plastic Neurocontrollers for Situated Agents},
  author={Floreano, D and Mondada, F},
  booktitle={From Animals to Animats 4, Proceedings of the 4th International Conference on Simulation of Adaptive Behavior (SAB 1996)},
  number={LIS-CONF-1996-001},
  pages={402--410},
  year={1996},
  organization={MIT Press}
}


@article{mondada1994mobile,
  title={Mobile robot miniaturisation: A tool for investigation in control algorithms},
  author={Mondada, Francesco and Franzi, Edoardo and Ienne, Paolo},
  journal={Experimental robotics III},
  pages={501--513},
  year={1994},
  publisher={Springer}
}


@article{nolfi1996learning,
  title={Learning to adapt to changing environments in evolving neural networks},
  author={Nolfi, Stefano and Parisi, Domenico},
  journal={Adaptive behavior},
  volume={5},
  number={1},
  pages={75--98},
  year={1996},
  publisher={Sage Publications Sage CA: Thousand Oaks, CA}
}

@article{nolfi1998coevolving,
  title={Coevolving predator and prey robots: Do “arms races” arise in artificial evolution?},
  author={Nolfi, Stefano and Floreano, Dario},
  journal={Artificial life},
  volume={4},
  number={4},
  pages={311--335},
  year={1998},
  publisher={MIT Press}
}


@inproceedings{miller2004evolving,
  title={Evolving a self-repairing, self-regulating, French flag organism},
  author={Miller, Julian Francis},
  booktitle={Genetic and Evolutionary Computation Conference},
  pages={129--139},
  year={2004},
  organization={Springer}
}


@Article{Bongard01,
author = {Josh C Bongard and Rolf Pfeifer},
TITLE = {Repeated Structure and Dissociation of Genotypic and Phenotypic Complexity in {A}rtificial {O}ntogeny},
editor = {Lee Spector and E.~D. Goodman},
journal = {Proceedings of The Genetic and Evolutionary Computation Conference (GECCO 2001)},
pages = {829-836},
year = 2001}

@Article{Eggenberger97,
  author = {Peter Eggenberger},
  TITLE = {Evolving morphologies of simulated 3{D} organisms based on differential gene expression},
  editor = {Phil Husbands and Inman Harvey},
  journal = {Procs. of the Fourth European Conf. on Artificial Life},
  pages = {205-213},
  year = 1997}
  
@inproceedings{ventrella1998designing,
  title={Designing emergence in animated artificial life worlds},
  author={Ventrella, Jeffrey},
  booktitle={Virtual Worlds},
  pages={143--155},
  year={1998},
  organization={Springer}
}


@article{komosinski2003framsticks,
  title={The Framsticks system: versatile simulator of 3D agents and their evolution},
  author={Komosinski, Maciej},
  journal={Kybernetes},
  volume={32},
  number={1/2},
  pages={156--173},
  year={2003},
  publisher={MCB UP Ltd}
}


@inproceedings{corucci2016material,
  title={Material properties affect evolution’s ability to exploit morphological computation in growing soft-bodied creatures},
  author={Corucci, Francesco and Cheney, Nick and Lipson, Hod and Laschi, Cecilia and Bongard, Josh},
   booktitle={ALIFE},
    year={2016}
}


@inproceedings{sims1994siggraph,
  title={Evolving virtual creatures},
  author={Sims, Karl},
  booktitle={Proceedings of the 21st annual conference on Computer graphics and interactive techniques},
  pages={15--22},
  year={1994},
  organization={ACM}
}

@article{sims1994alife,
  title={Evolving 3D morphology and behavior by competition},
  author={Sims, Karl},
  journal={Artificial life},
  volume={1},
  number={4},
  pages={353--372},
  year={1994},
  publisher={MIT Press}
}

@article{wagner1996homologues,
  title={Homologues, natural kinds and the evolution of modularity},
  author={Wagner, G{\"u}nter P},
  journal={American Zoologist},
  volume={36},
  number={1},
  pages={36--43},
  year={1996},
  publisher={Oxford University Press UK}
}

@article{athalye2017synthesizing,
  title={Synthesizing robust adversarial examples},
  author={Athalye, Anish and Sutskever, Ilya},
  journal={arXiv preprint arXiv:1707.07397},
  year={2017}
}


@article{hinton1987learning,
  title={How learning can guide evolution},
  author={Hinton, Geoffrey E and Nowlan, Steven J},
  journal={Complex systems},
  volume={1},
  number={3},
  pages={495--502},
  year={1987}
}

@article{smith1987learning,
  title={When learning guides evolution.},
  author={Smith, John Maynard},
  journal={Nature},
  volume={329},
  number={6142},
  pages={761},
  year={1987}
}


@book{Dennett91,
  abstract = {Advances a new theory of consciousness based on insights gleaned from the fields of neuroscience, psychology, and artificial intelligence, and clears away obsolete myths about the process of thinking in conscious beings.},
  author = {Dennett, Daniel Clement},
  publisher = {Little, Brown and Co.},
  title = {Consciousness Explained},
  year = 1991
}


@book{Dennett95,
  title={Darwin's Dangerous Idea: Evolution and the Meanings of Life},
  author={Dennett, Daniel Clement},
  year={1995},
  publisher={Simon and Schuster}
}



@inproceedings{kriegman2017minimal,
  title={A minimal developmental model can increase evolvability in soft robots},
  author={Kriegman, Sam and Cheney, Nick and Corucci, Francesco and Bongard, Josh C},
  booktitle={Proceedings of the Genetic and Evolutionary Computation Conference},
  pages={131--138},
  year={2017},
  organization={ACM}
}

@article{hiller2014dynamic,
  title={Dynamic simulation of soft multimaterial 3d-printed objects},
  author={Hiller, Jonathan and Lipson, Hod},
  journal={Soft Robotics},
  volume={1},
  number={1},
  pages={88--101},
  year={2014},
  publisher={Mary Ann Liebert, Inc. 140 Huguenot Street, 3rd Floor New Rochelle, NY 10801 USA}
}

@inproceedings{cheney2016difficulty,
  title={On the difficulty of co-optimizing morphology and control in evolved virtual creatures},
  author={Cheney, Nick and Bongard, Josh and SunSpiral, Vytas and Lipson, Hod},
  booktitle={Proceedings of the Artificial Life Conference},
  pages={226--234},
  year={2016}
}



@article{shepherd2011multigait,
  title={Multigait soft robot},
  author={Shepherd, Robert F and Ilievski, Filip and Choi, Wonjae and Morin, Stephen A and Stokes, Adam A and Mazzeo, Aaron D and Chen, Xin and Wang, Michael and Whitesides, George M},
  journal={Proceedings of the National Academy of Sciences},
  volume={108},
  number={51},
  pages={20400--20403},
  year={2011},
  publisher={National Acad Sciences}
}


@book{raff2012shape,
  title={The shape of life: genes, development, and the evolution of animal form},
  author={Raff, Rudolf A},
  year={2012},
  publisher={University of Chicago Press}
}

@article{su2017one,
  title={One pixel attack for fooling deep neural networks},
  author={Su, Jiawei and Vargas, Danilo Vasconcellos and Kouichi, Sakurai},
  journal={arXiv preprint arXiv:1710.08864},
  year={2017}
}


@article{auerbach2014environmental,
  title={Environmental influence on the evolution of morphological complexity in machines},
  author={Auerbach, Joshua E and Bongard, Josh C},
  journal={PLoS computational biology},
  volume={10},
  number={1},
  pages={e1003399},
  year={2014},
  publisher={Public Library of Science}
}

@article{Moczekrspb20110971,
  title={The role of developmental plasticity in evolutionary innovation},
  author={Moczek, Armin P and Sultan, Sonia and Foster, Susan and Led{\'o}n-Rettig, Cris and Dworkin, Ian and Nijhout, H Fred and Abouheif, Ehab and Pfennig, David W},
  journal={Proceedings of the Royal Society of London B: Biological Sciences},
  volume={278},
  number={1719},
  pages={2705--2713},
  year={2011},
  publisher={The Royal Society}
}


@article{baldwin1896new,
  title={A new factor in evolution},
  author={Baldwin, J Mark},
  journal={The american naturalist},
  volume={30},
  number={354},
  pages={441--451},
  year={1896},
  publisher={Edwards and Docker}
}


@article{baldwin1895consciousness,
  title={Consciousness and evolution},
  author={Baldwin, J Mark},
  journal={Science},
  volume={2},
  number={34},
  pages={219--223},
  year={1895},
  publisher={JSTOR}
}

@article{morgan1896modification,
  title={On modification and variation},
  author={Morgan, C Lloyd},
  journal={Science},
  volume={4},
  number={99},
  pages={733--740},
  year={1896},
  publisher={JSTOR}
}

@article{stearns1994fitness,
  title={Fitness sensitivity and the canalization of life-history traits},
  author={Stearns, Stephen C and Kawecki, Tadeusz J},
  journal={Evolution},
  volume={48},
  number={5},
  pages={1438--1450},
  year={1994},
  publisher={Wiley Online Library}
}


@article{stearns1995differential,
  title={The differential genetic and environmental canalization of fitness components in Drosophila melanogaster},
  author={Stearns, Stephen C and Kaiser, Marcel and Kawecki, Tadeusz J},
  journal={Journal of Evolutionary Biology},
  volume={8},
  number={5},
  pages={539--557},
  year={1995},
  publisher={Wiley Online Library}
}


@book{fisher1930genetical,
  title={The genetical theory of natural selection},
  author={Fisher, Ronald Aylmer},
  year={1930},
  publisher={Oxford University Press}
}


@article{rieffel2014growing,
  title={Growing and evolving soft robots},
  author={Rieffel, John and Knox, Davis and Smith, Schuyler and Trimmer, Barry},
  journal={Artificial life},
  volume={20},
  number={1},
  pages={143--162},
  year={2014},
  publisher={MIT Press}
}


@article{bongard2016evolving,
  title={Evolving Soft Robots},
  author={Bongard, Josh C},
  journal={Soft Robotics},
  volume={3},
  number={2},
  pages={43--44},
  year={2016},
  publisher={Mary Ann Liebert, Inc. 140 Huguenot Street, 3rd Floor New Rochelle, NY 10801 USA}
}



@book{waddington1957strategy,
  title={The strategy of the genes},
  author={Waddington, Conrad Hal},
  year={1957},
  publisher={George Allen \& Unwin Ltd, London}
}


@article{lande2009adaptation,
  title={Adaptation to an extraordinary environment by evolution of phenotypic plasticity and genetic assimilation},
  author={Lande, Russell},
  journal={Journal of evolutionary biology},
  volume={22},
  number={7},
  pages={1435--1446},
  year={2009},
  publisher={Wiley Online Library}
}


@book{weismann1893germ,
  title={The Germ-plasm: A Theory of Heredity},
  author={Weismann, A.},
  year={1893},
}

@book{gould1977ontogeny,
  title={Ontogeny and phylogeny},
  author={Gould, Stephen Jay},
  year={1977},
  publisher={Harvard University Press}
}


@article{paul2006morphological,
  title={Morphological computation: A basis for the analysis of morphology and control requirements},
  author={Paul, Chandana},
  journal={Robotics and Autonomous Systems},
  volume={54},
  number={8},
  pages={619--630},
  year={2006},
  publisher={Elsevier}
}


@article{bateson1979sensitive,
  title={How do sensitive periods arise and what are they for?},
  author={Bateson, Patrick},
  journal={Animal Behaviour},
  volume={27},
  pages={470--486},
  year={1979},
  publisher={Elsevier}
}

@article{bongard2014morphology,
  title={Why morphology matters},
  author={Bongard, Josh},
  journal={The horizons of evolutionary robotics},
  pages={125--152},
  year={2014},
  publisher={MIT Press}
}

@article{waddington1942canalization,
  title={Canalization of development and the inheritance of acquired characters},
  author={Waddington, Conrad H},
  journal={Nature},
  volume={150},
  pages={563--565},
  year={1942}
}


@article{dennett2003baldwin,
  title={The Baldwin effect: A crane, not a skyhook},
  author={Dennett, Daniel C},
  journal={Evolution and learning: The Baldwin effect reconsidered},
  pages={60--79},
  year={2003},
  publisher={MIT Press Cambridge, MA}
}



@article{stanley2003taxonomy,
  title={A taxonomy for artificial embryogeny},
  author={Stanley, Kenneth O and Miikkulainen, Risto},
  journal={Artificial Life},
  volume={9},
  number={2},
  pages={93--130},
  year={2003},
  publisher={MIT Press}
}


@Article{Stanley2007,
author="Stanley, Kenneth O",
title="Compositional pattern producing networks: A novel abstraction of development",
journal="Genetic Programming and Evolvable Machines",
year="2007",
volume="8",
number="2",
pages="131--162",
abstract="Natural DNA can encode complexity on an enormous scale. Researchers are attempting to achieve the same representational efficiency in computers by implementing developmental encodings, i.e. encodings that map the genotype to the phenotype through a process of growth from a small starting point to a mature form. A major challenge in in this effort is to find the right level of abstraction of biological development to capture its essential properties without introducing unnecessary inefficiencies. In this paper, a novel abstraction of natural development, called Compositional Pattern Producing Networks (CPPNs), is proposed. Unlike currently accepted abstractions such as iterative rewrite systems and cellular growth simulations, CPPNs map to the phenotype without local interaction, that is, each individual component of the phenotype is determined independently of every other component. Results produced with CPPNs through interactive evolution of two-dimensional images show that such an encoding can nevertheless produce structural motifs often attributed to more conventional developmental abstractions, suggesting that local interaction may not be essential to the desirable properties of natural encoding in the way that is usually assumed.",
}


@inproceedings{Cheney:2015:ESR:2739480.2754662,
  title={Evolving soft robots in tight spaces},
  author={Cheney, Nick and Bongard, Josh C and Lipson, Hod},
  booktitle={Proceedings of the 2015 annual conference on Genetic and Evolutionary Computation},
  pages={935--942},
  year={2015},
  organization={ACM}
}


@inproceedings{Cheney:2013:UEE:2463372.2463404,
  title={Unshackling evolution: evolving soft robots with multiple materials and a powerful generative encoding},
  author={Cheney, Nick and MacCurdy, Robert and Clune, Jeff and Lipson, Hod},
  booktitle={Proceedings of the 15th annual conference on Genetic and evolutionary computation},
  pages={167--174},
  year={2013},
  organization={ACM}
}

@article{lipson2014challenges,
  title={Challenges and opportunities for design, simulation, and fabrication of soft robots},
  author={Lipson, Hod},
  journal={Soft Robotics},
  volume={1},
  number={1},
  pages={21--27},
  year={2014},
  publisher={Mary Ann Liebert, Inc. 140 Huguenot Street, 3rd Floor New Rochelle, NY 10801 USA},
  doi={10.1089/soro.2013.0007}
}


@article{hiller2012automatic,
author={Hiller, Jonathan and Lipson, Hod},
journal={IEEE Transactions on Robotics},
publisher={IEEE},
title={Automatic Design and Manufacture of Soft Robots},
year={2012},
volume={28},
number={2},
pages={457-466},
month={April},
}


@incollection{Schmidt2011,
  title={Age-fitness pareto optimization},
  author={Schmidt, Michael and Lipson, Hod},
  booktitle={Genetic Programming Theory and Practice VIII},
  pages={129--146},
  year={2011},
  publisher={Springer}
}


@article{bongard2011morphological,
  title={Morphological change in machines accelerates the evolution of robust behavior},
  author={Bongard, Josh C},
  journal={Proceedings of the National Academy of Sciences},
  volume={108},
  number={4},
  pages={1234--1239},
  year={2011},
  publisher={National Acad Sciences},
  doi={10.1073/pnas.1015390108}
}


@inproceedings{bongard2005reinventing,
  title={Reinventing the wheel: An experiment in evolutionary geometry},
  author={Bongard, Josh C and Lipson, Hod},
  booktitle={Proceedings of the Genetic and evolutionary computation conference},
  year={2005}
}
