% Faboratory additions
@article{white_low-cost_2017,
author={White, Edward L. and Yuen, Michelle C. and Case, Jennifer C. and Kramer, Rebecca K.},
title={Low-Cost, Facile, and Scalable Manufacturing of Capacitive Sensors for Soft Systems},
journal={Advanced Materials Technologies},
volume={2},
number={9},
pages={1700072},
url={https://doi.org/10.1002/admt.201700072},
year={2017}
}

@inproceedings{booth_addressable_2018,
  title={An addressable pneumatic regulator for distributed control of soft robots},
  author={Booth, Joran W and Case, Jennifer C and White, Edward L and Shah, Dylan S and Kramer-Bottiglio, Rebecca},
  booktitle={2018 IEEE International Conference on Soft Robotics (RoboSoft)},
  pages={25--30},
  year={2018},
  url={https://doi.org/10.1109/ROBOSOFT.2018.8404892},
  organization={IEEE}
}

@article{morin_elastomeric_2014,
  author = {Morin, Stephen A. and Kwok, Sen Wai and Lessing, Joshua and Ting, Jason and Shepherd, Robert F. and Stokes, Adam A. and Whitesides, George M.},
  title = {Elastomeric Tiles for the Fabrication of Inflatable Structures},
  journal = {Advanced Functional Materials},
  volume = {24},
  number = {35},
  pages = {5541-5549},
  url={https://doi.org/10.1002/adfm.201401339},
  year = {2014}
}


@article{zhao_scalable_2015,
  title={Scalable manufacturing of high force wearable soft actuators},
  author={Zhao, Huichan and Li, Yan and Elsamadisi, Ahmed and Shepherd, Robert},
  journal={Extreme Mechanics Letters},
  volume={3},
  pages={89--104},
  year={2015},
  publisher={Elsevier},
  url={https://doi.org/10.1016/j.eml.2015.02.006}
}

@inproceedings{bilodeau_all-soft_2018,
  title={All-soft material system for strong soft actuators},
  author={Bilodeau, R Adam and Miriyev, Aslan and Lipson, Hod and Kramer-Bottiglio, Rebecca},
  booktitle={2018 IEEE International Conference on Soft Robotics (RoboSoft)},
  pages={288--294},
  year={2018},
  url={https://doi.org/10.1109/ROBOSOFT.2018.8404934},
  organization={IEEE}
}
% End Dylan/Steph additions

@article{hwangbo2019learning,
  title={Learning agile and dynamic motor skills for legged robots},
  author={Hwangbo, Jemin and Lee, Joonho and Dosovitskiy, Alexey and Bellicoso, Dario and Tsounis, Vassilios and Koltun, Vladlen and Hutter, Marco},
  journal={Science Robotics},
  volume={4},
  number={26},
  elocation-id={eaau5872},
  year={2019},
  URL={https://doi.org/10.1126/scirobotics.aau5872},
  publisher={Science Robotics}
}

@article{jakobi1997evolutionary,
  title={Evolutionary robotics and the radical envelope-of-noise hypothesis},
  author={Jakobi, Nick},
  journal={Adaptive behavior},
  volume={6},
  number={2},
  pages={325--368},
  year={1997},
  URL={https://doi.org/10.1177/105971239700600205},
  publisher={Sage Publications Sage CA: Thousand Oaks, CA}
}

@inproceedings{matas2018sim,
  title={Sim-to-Real Reinforcement Learning for Deformable Object Manipulation},
  author={Matas, Jan and James, Stephen and Davison, Andrew J},
  booktitle={Proceedings of The 2nd Conference on Robot Learning},
  year={2018},
  pages={734--743},
  volume={87},
  series={Proceedings of Machine Learning Research},
  publisher={PMLR},
  url={http://proceedings.mlr.press/v87/matas18a.html}
}

@article{he2018zero,
  title={Zero-Shot Skill Composition and Simulation-to-Real Transfer by Learning Task Representations},
  author={He, Zhanpeng and Julian, Ryan and Heiden, Eric and Zhang, Hejia and Schaal, Stefan and Lim, Joseph and Sukhatme, Gaurav and Hausman, Karol},
  journal={arXiv preprint arXiv:1810.02422},
  url={https://arxiv.org/abs/1810.02422},
  year={2018},
}

@article{bharadhwaj2018data,
  title={A Data-Efficient Framework for Training and Sim-to-Real Transfer of Navigation Policies},
  author={Bharadhwaj, Homanga and Wang, Zihan and Bengio, Yoshua and Paull, Liam},
  journal={arXiv preprint arXiv:1810.04871},
  url={https://arxiv.org/abs/1810.04871},
  year={2018}
}

@inproceedings{tan2018sim,
  title={Sim-to-Real: Learning Agile Locomotion For Quadruped Robots},
  author={Tan, Jie and Zhang, Tingnan and Coumans, Erwin and Iscen, Atil and Bai, Yunfei and Hafner, Danijar and Bohez, Steven and Vanhoucke, Vincent},
  booktitle={Proceedings of Robotics: Science and Systems},
  url={https://doi.org/10.15607/RSS.2018.XIV.010},
  year={2018}
}


@article{Miyashitaeaao4369,
	author={Miyashita, Shuhei and Guitron, Steven and Li, Shuguang and Rus, Daniela},
	title={Robotic metamorphosis by origami exoskeletons},
	volume={2},
	number={10},
	elocation-id={eaao4369},
	year={2017},
	URL={https://doi.org/10.1126/scirobotics.aao4369},
	journal={Science Robotics}
}

@article{baydar2004offline,
author={Baydar, Cem and Saitou, Kazuhiro},
title={Off-line error prediction, diagnosis and recovery using virtual assembly systems},
journal={Journal of Intelligent Manufacturing},
year={2004},
volume={15},
number={5},
pages={679--692},
url={https://doi.org/10.1023/B:JIMS.0000037716.69868.d0}
}

@inproceedings{miller2004evolving,
  title={Evolving a self-repairing, self-regulating, French flag organism},
  author={Miller, Julian Francis},
  booktitle={Proceedings of the Genetic and Evolutionary Computation Conference},
  pages={129--139},
  year={2004},
  url={https://doi.org/10.1007/978-3-540-24854-5_12},
  organization={Springer}
}

@article{morgan1898experimental,
  title={Experimental studies of the regeneration of Planaria maculata},
  author={Morgan, TH},
  journal={Development Genes and Evolution},
  volume={7},
  number={2},
  pages={364--397},
  year={1898},
  publisher={Springer}
}

@article{montgomery1974minimal,
  title={On the minimal size of a planarian capable of regeneration.},
  author={Montgomery, JR and Coward, SJ},
  journal={Transactions of the American Microscopical Society},
  volume={93},
  number={3},
  pages={386},
  url={https://doi.org/10.2307/3225439},
  year={1974}
}

@article{brockes1997amphibian,
  title={Amphibian limb regeneration: rebuilding a complex structure},
  author={Brockes, Jeremy P},
  journal={Science},
  volume={276},
  number={5309},
  pages={81--87},
  year={1997},
  url={https://doi.org/10.1126/science.276.5309.81}
}

@article{illingworth1974trapped,
  title={Trapped fingers and amputated finger tips in children},
  author={Illingworth, Cynthia M},
  journal={Journal of pediatric surgery},
  volume={9},
  number={6},
  pages={853--858},
  year={1974},
  publisher={Elsevier},
  url={https://doi.org/10.1016/S0022-3468(74)80220-4}
}

@article{brown2010universal,
  title={Universal robotic gripper based on the jamming of granular material},
  author={Brown, Eric and Rodenberg, Nicholas and Amend, John and Mozeika, Annan and Steltz, Erik and Zakin, Mitchell R and Lipson, Hod and Jaeger, Heinrich M},
  journal={Proceedings of the National Academy of Sciences},
  volume={107},
  number={44},
  pages={18809--18814},
  year={2010},
  url={https://doi.org/10.1073/pnas.1003250107},
  publisher={National Academy Sciences}
}

@inproceedings{slijper1942biologic,
  title={Biologic anatomical investigations on the bipedal gait and upright posture in mammals, with special reference to a little goat, born without forelegs},
  author={Slijper, EJ},
  booktitle={Proceedings of the Koninklijke Nederlandse Akademie Van Wetenschappen},
  volume={45},
  pages={288--295, 407--415},
  year={1942}
}

@article{zykov2005robotics,
  title={Self-reproducing machines},
  author={Zykov, Victor and Mytilinaios, Efstathios and Adams, Bryant and Lipson, Hod},
  journal={Nature},
  volume={435},
  number={7039},
  pages={163},
  year={2005},
  url={https://doi.org/10.1038/435163a},
  publisher={Nature Publishing Group}
}

@article{ren2015multiple,
  title={Multiple chaotic central pattern generators with learning for legged locomotion and malfunction compensation},
  author={Ren, Guanjiao and Chen, Weihai and Dasgupta, Sakyasingha and Kolodziejski, Christoph and W{\"o}rg{\"o}tter, Florentin and Manoonpong, Poramate},
  journal={Information Sciences},
  volume={294},
  pages={666--682},
  year={2015},
  url={https://doi.org/10.1016/j.ins.2014.05.001},
  publisher={Elsevier}
}

@article{bongard2006resilient,
  title={Resilient machines through continuous self-modeling},
  author={Bongard, Josh and Zykov, Victor and Lipson, Hod},
  journal={Science},
  volume={314},
  number={5802},
  pages={1118--1121},
  year={2006},
  publisher={American Association for the Advancement of Science},
  url={https://doi.org/10.1126/science.1133687}
}

@article{cully2015robots,
  title={Robots that can adapt like animals},
  author={Cully, Antoine and Clune, Jeff and Tarapore, Danesh and Mouret, Jean-Baptiste},
  journal={Nature},
  volume={521},
  pages={503--507},
  year={2015},
  url={https://doi.org/10.1038/nature14422}
}

@article{hiller2014dynamic,
  title={Dynamic simulation of soft multimaterial 3{D}-printed objects},
  author={Hiller, Jonathan and Lipson, Hod},
  journal={Soft Robotics},
  volume={1},
  number={1},
  pages={88--101},
  year={2014},
  publisher={Mary Ann Liebert, Inc.},
  url={https://doi.org/10.1089/soro.2013.0010}
}

@inproceedings{cheney2013unshackling,
  title={Unshackling evolution: evolving soft robots with multiple materials and a powerful generative encoding},
  author={Cheney, Nick and MacCurdy, Robert and Clune, Jeff and Lipson, Hod},
  booktitle={Proceedings of the Genetic and Evolutionary Computation Conference},
  pages={167--174},
  year={2013},
  organization={ACM},
  url={https://doi.org/10.1145/2463372.2463404}
}

@inproceedings{eggenberger1997evolving,
  title={Evolving morphologies of simulated 3{D} organisms based on differential gene expression},
  author={Eggenberger, Peter},
  booktitle={Proceedings of the European Conference on Artificial Life},
  pages={205--213},
  url={https://books.google.com/books?id=ccp8fzlyorAC},
  year={1997}
}

@article{west2005developmental,
  title={Developmental plasticity and the origin of species differences},
  author={West-Eberhard, Mary Jane},
  journal={Proceedings of the National Academy of Sciences},
  volume={102},
  pages={6543--6549},
  year={2005},
  url={https://doi.org/10.1073/pnas.0501844102}
}

@article{goulding2009circuits,
  title={Circuits controlling vertebrate locomotion: moving in a new direction},
  author={Goulding, Martyn},
  journal={Nature Reviews Neuroscience},
  volume={10},
  number={7},
  pages={507},
  year={2009},
  url={https://doi.org/10.1038/nrn2608},
  publisher={Nature Publishing Group}
}

@book{alexander2003principles,
  title={Principles of animal locomotion},
  author={Alexander, R McNeill},
  year={2003},
  publisher={Princeton University Press},
  isbn={9780691126340},
  abstract={https://www.jstor.org/stable/j.ctt4cg9j1}
}

@inproceedings{mahdavi2003evolutionary,
  title={An evolutionary approach to damage recovery of robot motion with muscles},
  author={Mahdavi, Siavash Haroun and Bentley, Peter J},
  booktitle={European Conference on Artificial Life},
  pages={248--255},
  year={2003},
  url={https://doi.org/10.1007/978-3-540-39432-7_27},
  organization={Springer}
}

@article{kano2017brittle,
  title={A brittle star-like robot capable of immediately adapting to unexpected physical damage},
  author={Kano, Takeshi and Sato, Eiki and Ono, Tatsuya and Aonuma, Hitoshi and Matsuzaka, Yoshiya and Ishiguro, Akio},
  journal={Royal Society open science},
  volume={4},
  number={12},
  pages={171200},
  year={2017},
  url={https://doi.org/10.1098/rsos.171200},
  publisher={The Royal Society}
}

@inproceedings{kriegman2017minimal,
 author = {Kriegman, Sam and Cheney, Nick and Corucci, Francesco and Bongard, Josh C.},
 title = {A Minimal Developmental Model Can Increase Evolvability in Soft Robots},
 booktitle = {Proceedings of the Genetic and Evolutionary Computation Conference},
 year = {2017},
 pages = {131--138}, 
 doi={10.1145/3071178.3071296},
 url = {https://arxiv.org/abs/1706.07296},
 acmid = {3071296},
 publisher = {ACM}
} 

@article{kriegman2018morphological,
  title={How morphological development can guide evolution},
  author={Kriegman, Sam and Cheney, Nick and Bongard, Josh},
  journal={Scientific reports},
  volume={8},
  number={1},
  pages={13934},
  year={2018},
  url={https://doi.org/10.1038/s41598-018-31868-7},
  publisher={Nature Publishing Group}
}

@inproceedings{kriegman2018interoceptive,
 author = {Kriegman, Sam and Cheney, Nick and Corucci, Francesco and Bongard, Josh C.},
 title = {Interoceptive Robustness Through Environment-mediated Morphological Development},
 booktitle = {Proceedings of the Genetic and Evolutionary Computation Conference},
 year = {2018},
 pages = {109--116},
 url={https://arxiv.org/abs/1804.02257}, 
 doi={10.1145/3205455.3205529},
 publisher = {ACM}
} 

@article{kriegman2019scalable,
  title={A scalable pipeline for designing reconfigurable organisms.},
  author={Kriegman, Sam and Blackiston, Douglas and Levin, Michael and Bongard, Josh},
  year={forthcoming}
}

@article{stanley2007compositional,
  title={Compositional pattern producing networks: A novel abstraction of development},
  author={Stanley, Kenneth O},
  journal={Genetic programming and evolvable machines},
  volume={8},
  number={2},
  pages={131--162},
  year={2007},
  url={https://doi.org/10.1007/s10710-007-9028-8},
  publisher={Springer}
}

@article{bongard2011morphological,
  title={Morphological change in machines accelerates the evolution of robust behavior},
  author={Bongard, Josh},
  journal={Proceedings of the National Academy of Sciences},
  volume={108},
  number={4},
  pages={1234--1239},
  year={2011},
  url={https://doi.org/10.1073/pnas.1015390108},
  publisher={National Academy Sciences}
}

@incollection{schmidt2011age,
  title={Age-fitness pareto optimization},
  author={Schmidt, Michael and Lipson, Hod},
  booktitle={Genetic Programming Theory and Practice VIII},
  pages={129--146},
  year={2011},
  url={https://doi.org/10.1007/978-1-4419-7747-2_8},
  publisher={Springer}
}

@article{narang2018transforming,
  title={Transforming the Dynamic Response of Robotic Structures and Systems Through Laminar Jamming},
  author={Narang, Yashraj S and Degirmenci, Alperen and Vlassak, Joost J and Howe, Robert D},
  journal={IEEE Robotics and Automation Letters},
  volume={3},
  number={2},
  pages={688--695},
  year={2018},
  url={https://doi.org/10.1109/LRA.2017.2779802},
  publisher={IEEE}
}

@article{blackiston2015stability,
  title={The stability of memories during brain remodeling: a perspective},
  author={Blackiston, Douglas J and Shomrat, Tal and Levin, Michael},
  journal={Communicative \& integrative biology},
  volume={8},
  number={5},
  pages={e1073424},
  year={2015},
  url={https://doi.org/10.1080/19420889.2015.1073424},
  publisher={Taylor \& Francis}
}

@article{blackiston2008retention,
  title={Retention of memory through metamorphosis: can a moth remember what it learned as a caterpillar?},
  author={Blackiston, Douglas J and Casey, Elena Silva and Weiss, Martha R},
  journal={PLoS One},
  volume={3},
  number={3},
  pages={e1736},
  year={2008},
  url={https://doi.org/10.1371/journal.pone.0001736},
  publisher={Public Library of Science}
}

@incollection{corning1967regeneration,
  title={Regeneration and retention of acquired information},
  author={Corning, William C},
  booktitle={Chemistry of Learning},
  pages={281--294},
  year={1967},
  url={https://doi.org/10.1007/978-1-4899-6565-3_18},
  publisher={Springer}
}

@article{kamm2018perspective,
    abstract = {Kamm,Roger D.  and Bashir,Rashid  and Arora,Natasha  and Dar,Roy D.  and Gillette,Martha U.  and Griffith,Linda G.  and Kemp,Melissa L.  and Kinlaw,Kathy  and Levin,Michael  and Martin,Adam C.  and McDevitt,Todd C.  and Nerem,Robert M.  and Powers,Mark J.  and Saif,Taher A.  and Sharpe,James  and Takayama,Shuichi  and Takeuchi,Shoji  and Weiss,Ron  and Ye,Kaiming  and Yevick,Hannah G.  and Zaman,Muhammad H. },
    author = {Kamm, Roger D. and others},
    title = {Perspective: The promise of multi-cellular engineered living systems},
    journal = {APL Bioengineering},
    volume = {2},
    number = {4},
    pages = {040901},
    year = {2018},
    url={https://doi.org/10.1063/1.5038337}
}

@article{mccusker2011axolotl,
  title={The axolotl model for regeneration and aging research: a mini-review},
  author={McCusker, Catherine and Gardiner, David M},
  journal={Gerontology},
  volume={57},
  number={6},
  pages={565--571},
  year={2011},
  publisher={Karger Publishers},
  url={https://doi.org/10.1159/000323761}
}

@article{pezzulo2015re,
  title={Re-membering the body: applications of computational neuroscience to the top-down control of regeneration of limbs and other complex organs},
  author={Pezzulo, Giovanni and Levin, Michael},
  journal={Integrative Biology},
  volume={7},
  number={12},
  pages={1487--1517},
  year={2015},
  url={https://doi.org/10.1039/c5ib00221d},
  publisher={Royal Society of Chemistry}
}

@article{pezzulo2016top,
  title={Top-down models in biology: explanation and control of complex living systems above the molecular level},
  author={Pezzulo, Giovanni and Levin, Michael},
  journal={Journal of The Royal Society Interface},
  volume={13},
  number={124},
  pages={20160555},
  year={2016},
  publisher={The Royal Society},
  url={http://doi.org/10.1098/rsif.2016.0555}
}

@article{shomrat2013automated,
  title={An automated training paradigm reveals long-term memory in planaria and its persistence through head regeneration},
  author={Shomrat, Tal and Levin, Michael},
  journal={Journal of Experimental Biology},
  pages={jeb--087809},
  year={2013},
  url={http://doi.org/10.1242/jeb.087809},
  publisher={The Company of Biologists Ltd}
}

@article{sullivan2016physiological,
  title={Physiological inputs regulate species-specific anatomy during embryogenesis and regeneration},
  author={Sullivan, Kelly G and Emmons-Bell, Maya and Levin, Michael},
  journal={Communicative \& integrative biology},
  volume={9},
  number={4},
  pages={e1192733},
  year={2016},
  url={http://doi.org/10.1080/19420889.2016.1192733},
  publisher={Taylor \& Francis}
}

@article{vandenberg2012normalized,
  title={Normalized shape and location of perturbed craniofacial structures in the Xenopus tadpole reveal an innate ability to achieve correct morphology},
  author={Vandenberg, Laura N and Adams, Dany S and Levin, Michael},
  journal={Developmental Dynamics},
  volume={241},
  number={5},
  pages={863--878},
  year={2012},
  url={http://doi.org/10.1002/dvdy.23770},
  publisher={Wiley Online Library}
}

@inproceedings{steltz2009jsel, 
    author={E. Steltz and A. Mozeika and N. Rodenberg and E. Brown and H. M. Jaeger}, 
    booktitle={2009 IEEE/RSJ International Conference on Intelligent Robots and Systems}, 
    title={JSEL: Jamming Skin Enabled Locomotion}, 
    year={2009}, 
    volume={}, 
    number={}, 
    pages={5672-5677},
    url={http://doi.org/10.1109/IROS.2009.5354790}
}

@article{chatzilygeroudis2018reset,
  title={Reset-free trial-and-error learning for robot damage recovery},
  author={Chatzilygeroudis, Konstantinos and Vassiliades, Vassilis and Mouret, Jean-Baptiste},
  journal={Robotics and Autonomous Systems},
  volume={100},
  pages={236--250},
  year={2018},
  url={https://doi.org/10.1016/j.robot.2017.11.010},
  publisher={Elsevier}
}

@article{booth2018omniskins,
  title={OmniSkins: Robotic skins that turn inanimate objects into multifunctional robots},
  author={Booth, Joran W and Shah, Dylan and Case, Jennifer C and White, Edward L and Yuen, Michelle C and Cyr-Choiniere, Olivier and Kramer-Bottiglio, Rebecca},
  journal={Science Robotics},
  volume={3},
  number={22},
  elocation-id={eaat1853},
  url={http://doi.org/10.1126/scirobotics.aat1853},
  year={2018}
}

@article{shepherd2011multigait,
  title={Multigait soft robot},
  author={Shepherd, Robert F and Ilievski, Filip and Choi, Wonjae and Morin, Stephen A and Stokes, Adam A and Mazzeo, Aaron D and Chen, Xin and Wang, Michael and Whitesides, George M},
  journal={Proceedings of the National Academy of Sciences},
  volume={108},
  number={51},
  pages={20400--20403},
  year={2011},
  url={https://doi.org/10.1073/pnas.1116564108},
  publisher={National Academy Sciences}
}

@article{van2016morphing,
  title={Morphing Metal and Elastomer Bicontinuous Foams for Reversible Stiffness, Shape Memory, and Self-Healing Soft Machines},
  author={Van Meerbeek, Ilse M and Mac Murray, Benjamin C and Kim, Jae Woo and Robinson, Sanlin S and Zou, Perry X and Silberstein, Meredith N and Shepherd, Robert F},
  journal={Advanced Materials},
  volume={28},
  number={14},
  pages={2801--2806},
  year={2016},
  url={https://doi.org/10.1002/adma.201505991},
  publisher={Wiley Online Library}
}

@article{miriyev2017soft,
  title={Soft material for soft actuators},
  author={Miriyev, Aslan and Stack, Kenneth and Lipson, Hod},
  journal={Nature communications},
  volume={8},
  number={1},
  pages={596},
  year={2017},
  url={https://doi.org/10.1038/s41467-017-00685-3},
  publisher={Nature Publishing Group}
}

@article {kwiatkowski2019task,
	author = {Kwiatkowski, Robert and Lipson, Hod},
	title = {Task-agnostic self-modeling machines},
	volume = {4},
	number = {26},
	elocation-id = {eaau9354},
	year = {2019},
	publisher = {Science Robotics},
	url={http://doi.org/10.1126/scirobotics.aau9354},
	journal = {Science Robotics}
}

@article{cheney2016topological,
  title={Topological evolution for embodied cellular automata},
  author={Cheney, Nick and Lipson, Hod},
  journal={Theoretical Computer Science},
  volume={633},
  pages={19--27},
  year={2016},
  url={https://doi.org/10.1016/j.tcs.2015.06.024},
  publisher={Elsevier}
}

@inproceedings{white2005three, 
    author={Paul White and Victor Zykov and Josh Bongard and Hod Lipson}, 
    booktitle={Proceedings of Robotics: Science and Systems}, 
    title={Three Dimensional Stochastic Reconfiguration of Modular Robots}, 
    year={2005},
    url={http://doi.org/10.15607/RSS.2005.I.022}
}

@article{waddington1968towards,
  title={Towards a theoretical biology},
  author={Waddington, Conrad H},
  journal={Nature},
  volume={218},
  number={5141},
  pages={525--527},
  year={1968},
  url={https://doi.org/10.1038/218525a0},
  publisher={Nature Publishing Group}
}

@article{lobo2012modeling,
  title={Modeling planarian regeneration: a primer for reverse-engineering the worm},
  author={Lobo, Daniel and Beane, Wendy S and Levin, Michael},
  journal={PLoS computational biology},
  volume={8},
  number={4},
  pages={e1002481},
  year={2012},
  url={https://doi.org/10.1371/journal.pcbi.1002481},
  publisher={Public Library of Science}
}
